Time,BANK1.BID,BANK1.ASK,BANK2.BID,BANK2.ASK,BANK3.BID,BANK3.ASK,BANK4.BID,BANK4.ASK,BANK5.BID,BANK5.ASK
08/06/2016 21:30:01.000,0.70149,0.70161,0.70151,0.70171,0.70149,0.70161,0.70149,0.70162,0.70143,0.70163
08/06/2016 21:30:02.000,0.70149,0.70161,0.70151,0.70171,0.7015,0.70162,0.70149,0.70162,0.70144,0.70164
08/06/2016 21:30:03.000,0.70155,0.7017,0.70151,0.70171,0.70155,0.70167,0.70155,0.70168,0.70151,0.70171
08/06/2016 21:30:04.000,0.70155,0.7017,0.70151,0.70171,0.70155,0.70167,0.70155,0.70168,0.70151,0.70171
08/06/2016 21:30:05.000,0.70155,0.7017,0.70151,0.70171,0.70156,0.70167,0.70155,0.70168,0.7015,0.7017
08/06/2016 21:30:06.000,0.70155,0.7017,0.70152,0.70172,0.70156,0.70167,0.70155,0.70168,0.7015,0.7017
08/06/2016 21:30:07.000,0.70155,0.7017,0.70152,0.70172,0.70156,0.70167,0.70156,0.70169,0.7015,0.7017
08/06/2016 21:30:08.000,0.70155,0.7017,0.70152,0.70172,0.70156,0.70167,0.70156,0.70169,0.7015,0.7017
08/06/2016 21:30:09.000,0.70155,0.70171,0.70152,0.70172,0.70155,0.70167,0.70156,0.70169,0.7015,0.7017
08/06/2016 21:30:10.000,0.70162,0.70179,0.7016,0.7018,0.70163,0.70175,0.70162,0.70175,0.7016,0.7018
08/06/2016 21:30:11.000,0.70162,0.70179,0.7016,0.7018,0.70164,0.70176,0.70162,0.70175,0.7016,0.7018
08/06/2016 21:30:12.000,0.70161,0.70178,0.70159,0.70179,0.70157,0.70171,0.70164,0.70177,0.70157,0.70177
08/06/2016 21:30:13.000,0.70161,0.70174,0.70155,0.70175,0.70155,0.70166,0.70159,0.70172,0.70154,0.70174
08/06/2016 21:30:14.000,0.70162,0.70178,0.70159,0.70179,0.70158,0.70171,0.70162,0.70175,0.70158,0.70178
08/06/2016 21:30:15.000,0.70157,0.70174,0.70154,0.70174,0.70157,0.70169,0.70159,0.70172,0.70152,0.70172
08/06/2016 21:30:16.000,0.70157,0.70174,0.70154,0.70174,0.70157,0.70169,0.70158,0.70171,0.70154,0.70174
08/06/2016 21:30:17.000,0.7017,0.70178,0.70162,0.70182,0.70161,0.70174,0.70164,0.70177,0.70161,0.70181
08/06/2016 21:30:18.000,0.70161,0.70179,0.70159,0.70179,0.70163,0.70175,0.70162,0.70175,0.70159,0.70179
08/06/2016 21:30:19.000,0.70161,0.70179,0.70159,0.70179,0.70162,0.70174,0.70163,0.70176,0.70157,0.70177
08/06/2016 21:30:20.000,0.70161,0.70179,0.70159,0.70179,0.70162,0.70174,0.70163,0.70176,0.70157,0.70177
08/06/2016 21:30:21.000,0.70161,0.70179,0.70159,0.70179,0.70162,0.70174,0.70162,0.70175,0.70157,0.70177
08/06/2016 21:30:22.000,0.70161,0.70179,0.70159,0.70179,0.70162,0.70174,0.70162,0.70175,0.70157,0.70177
08/06/2016 21:30:23.000,0.70161,0.70178,0.70159,0.70179,0.70163,0.70175,0.70162,0.70175,0.70157,0.70177
08/06/2016 21:30:24.000,0.70161,0.70178,0.70159,0.70179,0.70164,0.70176,0.70162,0.70175,0.70157,0.70177
08/06/2016 21:30:25.000,0.70161,0.70178,0.70159,0.70179,0.70164,0.70176,0.70162,0.70175,0.70158,0.70178
08/06/2016 21:30:26.000,0.70161,0.70178,0.70159,0.70179,0.70164,0.70176,0.70162,0.70175,0.70158,0.70178
08/06/2016 21:30:27.000,0.70161,0.70178,0.70159,0.70179,0.70164,0.70176,0.70162,0.70175,0.70158,0.70178
08/06/2016 21:30:28.000,0.70161,0.70178,0.70159,0.70179,0.70164,0.70176,0.70162,0.70175,0.70158,0.70178
08/06/2016 21:30:29.000,0.70161,0.70177,0.70159,0.70179,0.70163,0.70176,0.70162,0.70175,0.70158,0.70178
08/06/2016 21:30:30.000,0.70161,0.70177,0.70159,0.70179,0.70163,0.70174,0.70162,0.70175,0.70158,0.70178
08/06/2016 21:30:31.000,0.70161,0.70177,0.70159,0.70179,0.70163,0.70174,0.70162,0.70175,0.70158,0.70178
08/06/2016 21:30:32.000,0.70161,0.70177,0.70159,0.70179,0.70163,0.70174,0.70162,0.70175,0.70158,0.70178
08/06/2016 21:30:33.000,0.70161,0.70177,0.70159,0.70179,0.70163,0.70174,0.70162,0.70175,0.70158,0.70178
08/06/2016 21:30:34.000,0.70159,0.70177,0.70158,0.70178,0.70163,0.70173,0.70162,0.70175,0.70156,0.70176
08/06/2016 21:30:35.000,0.70159,0.70177,0.70158,0.70178,0.70163,0.70173,0.70162,0.70175,0.70156,0.70176
08/06/2016 21:30:36.000,0.70159,0.70177,0.70158,0.70178,0.70163,0.70173,0.70162,0.70175,0.70156,0.70176
08/06/2016 21:30:37.000,0.70159,0.70177,0.70158,0.70178,0.70164,0.70174,0.70161,0.70174,0.70156,0.70176
08/06/2016 21:30:38.000,0.70159,0.70177,0.70158,0.70178,0.70163,0.70174,0.7016,0.70173,0.70157,0.70177
08/06/2016 21:30:39.000,0.70159,0.70177,0.70158,0.70178,0.70164,0.70175,0.7016,0.70173,0.70157,0.70177
08/06/2016 21:30:40.000,0.70159,0.70177,0.70158,0.70178,0.70164,0.70175,0.7016,0.70173,0.70157,0.70177
08/06/2016 21:30:41.000,0.70159,0.70177,0.70158,0.70178,0.70164,0.70175,0.7016,0.70173,0.70157,0.70177
08/06/2016 21:30:42.000,0.70159,0.70177,0.70158,0.70178,0.70164,0.70175,0.7016,0.70173,0.70157,0.70177
08/06/2016 21:30:43.000,0.70159,0.70177,0.70158,0.70178,0.70164,0.70175,0.70161,0.70174,0.70157,0.70177
08/06/2016 21:30:44.000,0.70159,0.70177,0.70158,0.70178,0.70164,0.70174,0.70161,0.70174,0.70157,0.70177
08/06/2016 21:30:45.000,0.70159,0.70177,0.70158,0.70178,0.70164,0.70174,0.70161,0.70174,0.70156,0.70176
08/06/2016 21:30:46.000,0.70159,0.70177,0.70158,0.70178,0.70164,0.70175,0.70161,0.70174,0.70156,0.70176
08/06/2016 21:30:47.000,0.70159,0.70177,0.70158,0.70178,0.70164,0.70175,0.70161,0.70174,0.70156,0.70176
08/06/2016 21:30:48.000,0.70159,0.70178,0.70158,0.70178,0.70165,0.70175,0.70161,0.70174,0.70157,0.70177
08/06/2016 21:30:49.000,0.70159,0.70178,0.70158,0.70178,0.70165,0.70175,0.70161,0.70174,0.70157,0.70177
08/06/2016 21:30:50.000,0.70159,0.70178,0.70158,0.70178,0.70165,0.70175,0.70161,0.70174,0.70157,0.70177
08/06/2016 21:30:51.000,0.70159,0.70178,0.70158,0.70178,0.70165,0.70175,0.70161,0.70174,0.70157,0.70177
08/06/2016 21:30:52.000,0.70159,0.70178,0.70158,0.70178,0.70165,0.70175,0.70161,0.70174,0.70157,0.70177
08/06/2016 21:30:53.000,0.70159,0.70178,0.70158,0.70178,0.70165,0.70175,0.70161,0.70174,0.70157,0.70177
08/06/2016 21:30:54.000,0.70159,0.70178,0.70158,0.70178,0.70165,0.70175,0.70161,0.70174,0.70157,0.70177
08/06/2016 21:30:55.000,0.70159,0.70178,0.70158,0.70178,0.70165,0.70175,0.70162,0.70175,0.70157,0.70177
08/06/2016 21:30:56.000,0.70159,0.70178,0.70158,0.70178,0.70165,0.70175,0.70161,0.70174,0.70157,0.70177
08/06/2016 21:30:57.000,0.70159,0.70178,0.70158,0.70178,0.70165,0.70175,0.70161,0.70174,0.70157,0.70177
08/06/2016 21:30:58.000,0.70159,0.70178,0.70158,0.70178,0.70165,0.70175,0.70162,0.70175,0.70157,0.70177
08/06/2016 21:30:59.000,0.70159,0.70179,0.70159,0.70179,0.70165,0.70176,0.70162,0.70175,0.70158,0.70178
08/06/2016 21:31:00.000,0.70159,0.70179,0.70159,0.70179,0.70164,0.70176,0.70162,0.70175,0.70158,0.70178
08/06/2016 21:31:01.000,0.70159,0.70179,0.70159,0.70179,0.70164,0.70176,0.70163,0.70176,0.70158,0.70178
08/06/2016 21:31:02.000,0.70159,0.70178,0.70159,0.70179,0.70165,0.70176,0.70163,0.70176,0.70157,0.70177
08/06/2016 21:31:03.000,0.70159,0.70178,0.70159,0.70179,0.70165,0.70176,0.70163,0.70176,0.70157,0.70177
08/06/2016 21:31:04.000,0.70159,0.70178,0.70159,0.70179,0.70165,0.70176,0.70163,0.70176,0.70157,0.70177
08/06/2016 21:31:05.000,0.70159,0.70178,0.70159,0.70179,0.70165,0.70176,0.70163,0.70176,0.70157,0.70177
08/06/2016 21:31:06.000,0.70159,0.70178,0.70159,0.70179,0.70165,0.70176,0.70163,0.70176,0.70157,0.70177
08/06/2016 21:31:07.000,0.70163,0.7018,0.70161,0.70181,0.70166,0.70176,0.70163,0.70176,0.70159,0.70179
08/06/2016 21:31:08.000,0.70163,0.7018,0.70161,0.70181,0.70166,0.70176,0.70163,0.70176,0.70159,0.70179
08/06/2016 21:31:09.000,0.70163,0.7018,0.70161,0.70181,0.70166,0.70176,0.70164,0.70177,0.70159,0.70179
08/06/2016 21:31:10.000,0.70163,0.7018,0.70161,0.70181,0.70167,0.70177,0.70164,0.70177,0.70159,0.70179
08/06/2016 21:31:11.000,0.70163,0.7018,0.70161,0.70181,0.70167,0.70177,0.70165,0.70178,0.70159,0.70179
08/06/2016 21:31:12.000,0.70163,0.7018,0.70161,0.70181,0.70167,0.70177,0.70165,0.70178,0.70159,0.70179
08/06/2016 21:31:13.000,0.70163,0.7018,0.70161,0.70181,0.70167,0.70177,0.70165,0.70178,0.70159,0.70179
08/06/2016 21:31:14.000,0.70163,0.7018,0.70161,0.70181,0.70167,0.70177,0.70165,0.70178,0.70159,0.70179
08/06/2016 21:31:15.000,0.70163,0.7018,0.70161,0.70181,0.70167,0.70177,0.70165,0.70178,0.70159,0.70179
08/06/2016 21:31:16.000,0.70163,0.7018,0.70161,0.70181,0.70167,0.70177,0.70165,0.70178,0.70159,0.70179
08/06/2016 21:31:17.000,0.70163,0.7018,0.70161,0.70181,0.70167,0.70177,0.70165,0.70178,0.70159,0.70179
08/06/2016 21:31:18.000,0.70163,0.7018,0.70161,0.70181,0.70166,0.70176,0.70165,0.70178,0.70159,0.70179
08/06/2016 21:31:19.000,0.70163,0.7018,0.70161,0.70181,0.70166,0.70176,0.70165,0.70178,0.70159,0.70179
08/06/2016 21:31:20.000,0.70163,0.7018,0.70161,0.70181,0.70166,0.70176,0.70165,0.70178,0.70159,0.70179
08/06/2016 21:31:21.000,0.70163,0.7018,0.70161,0.70181,0.70166,0.70176,0.70165,0.70178,0.70159,0.70179
08/06/2016 21:31:22.000,0.70163,0.7018,0.70161,0.70181,0.70166,0.70176,0.70165,0.70178,0.70159,0.70179
08/06/2016 21:31:23.000,0.70163,0.7018,0.70161,0.70181,0.70166,0.70176,0.70165,0.70178,0.70159,0.70179
08/06/2016 21:31:24.000,0.70163,0.7018,0.70161,0.70181,0.70166,0.70176,0.70165,0.70178,0.70159,0.70179
08/06/2016 21:31:25.000,0.70163,0.7018,0.70161,0.70181,0.70166,0.70176,0.70165,0.70178,0.70159,0.70179
08/06/2016 21:31:26.000,0.70163,0.7018,0.70161,0.70181,0.70166,0.70176,0.70165,0.70178,0.70159,0.70179
08/06/2016 21:31:27.000,0.70163,0.7018,0.70161,0.70181,0.70166,0.70176,0.70165,0.70178,0.70159,0.70179
08/06/2016 21:31:28.000,0.70163,0.7018,0.70161,0.70181,0.70166,0.70176,0.70165,0.70178,0.70159,0.70179
08/06/2016 21:31:29.000,0.70163,0.7018,0.70161,0.70181,0.70166,0.70176,0.70164,0.70177,0.70159,0.70179
08/06/2016 21:31:30.000,0.70163,0.7018,0.70161,0.70181,0.70166,0.70176,0.70164,0.70177,0.70159,0.70179
08/06/2016 21:31:31.000,0.70163,0.7018,0.70161,0.70181,0.70166,0.70176,0.70164,0.70177,0.70159,0.70179
08/06/2016 21:31:32.000,0.70163,0.7018,0.70161,0.70181,0.70166,0.70176,0.70164,0.70177,0.70159,0.70179
08/06/2016 21:31:33.000,0.70163,0.7018,0.70161,0.70181,0.70166,0.70176,0.70164,0.70177,0.70159,0.70179
08/06/2016 21:31:34.000,0.70163,0.7018,0.70161,0.70181,0.70166,0.70176,0.70164,0.70177,0.70159,0.70179
08/06/2016 21:31:35.000,0.70163,0.7018,0.70161,0.70181,0.70166,0.70176,0.70164,0.70177,0.70159,0.70179
08/06/2016 21:31:36.000,0.70163,0.7018,0.70161,0.70181,0.70166,0.70176,0.70164,0.70177,0.70159,0.70179
08/06/2016 21:31:37.000,0.70163,0.7018,0.70161,0.70181,0.70166,0.70176,0.70164,0.70177,0.70159,0.70179
08/06/2016 21:31:38.000,0.70162,0.7018,0.70161,0.70181,0.70166,0.70176,0.70164,0.70177,0.70159,0.70179
08/06/2016 21:31:39.000,0.70162,0.7018,0.70161,0.70181,0.70166,0.70176,0.70164,0.70177,0.70159,0.70179
08/06/2016 21:31:40.000,0.70162,0.7018,0.70161,0.70181,0.70166,0.70176,0.70164,0.70177,0.70159,0.70179
08/06/2016 21:31:41.000,0.70163,0.7018,0.70161,0.70181,0.70166,0.70176,0.70165,0.70178,0.70158,0.70178
08/06/2016 21:31:42.000,0.70163,0.7018,0.70161,0.70181,0.70166,0.70176,0.70165,0.70178,0.70158,0.70178
08/06/2016 21:31:43.000,0.70163,0.7018,0.70161,0.70181,0.70166,0.70176,0.70165,0.70178,0.70158,0.70178
08/06/2016 21:31:44.000,0.70163,0.7018,0.70161,0.70181,0.70166,0.70176,0.70165,0.70178,0.70158,0.70178
08/06/2016 21:31:45.000,0.70163,0.7018,0.70161,0.70181,0.70166,0.70176,0.70165,0.70178,0.70159,0.70179
08/06/2016 21:31:46.000,0.70159,0.70177,0.70158,0.70178,0.70164,0.70176,0.70165,0.70178,0.70155,0.70175
08/06/2016 21:31:47.000,0.70159,0.70176,0.70158,0.70178,0.70164,0.70176,0.70162,0.70175,0.70155,0.70175
08/06/2016 21:31:48.000,0.70159,0.70176,0.70158,0.70178,0.70164,0.70176,0.70162,0.70175,0.70155,0.70175
08/06/2016 21:31:49.000,0.70159,0.70176,0.70158,0.70178,0.70164,0.70176,0.70162,0.70175,0.70155,0.70175
08/06/2016 21:31:50.000,0.70159,0.70176,0.70158,0.70178,0.70164,0.70176,0.70163,0.70176,0.70155,0.70175
08/06/2016 21:31:51.000,0.70159,0.70176,0.70158,0.70178,0.70164,0.70176,0.70163,0.70176,0.70155,0.70175
08/06/2016 21:31:52.000,0.70159,0.70176,0.70158,0.70178,0.70164,0.70176,0.70163,0.70176,0.70155,0.70175
08/06/2016 21:31:53.000,0.70157,0.70174,0.70155,0.70175,0.70155,0.70171,0.70159,0.70172,0.70154,0.70174
08/06/2016 21:31:54.000,0.70157,0.70176,0.70156,0.70176,0.70156,0.70171,0.70159,0.70172,0.70156,0.70176
08/06/2016 21:31:55.000,0.70157,0.70176,0.70157,0.70177,0.70156,0.70171,0.7016,0.70173,0.70156,0.70176
08/06/2016 21:31:56.000,0.70157,0.70176,0.70157,0.70177,0.70156,0.70171,0.7016,0.70173,0.70156,0.70176
08/06/2016 21:31:57.000,0.70157,0.70176,0.70157,0.70177,0.70156,0.70171,0.7016,0.70173,0.70156,0.70176
08/06/2016 21:31:58.000,0.70157,0.70176,0.70157,0.70177,0.70156,0.70171,0.7016,0.70173,0.70156,0.70176
08/06/2016 21:31:59.000,0.70157,0.70176,0.70157,0.70177,0.70156,0.70171,0.7016,0.70173,0.70156,0.70176
08/06/2016 21:32:00.000,0.70157,0.70176,0.70157,0.70177,0.70156,0.70171,0.7016,0.70173,0.70156,0.70176
08/06/2016 21:32:01.000,0.70155,0.70172,0.70153,0.70173,0.70158,0.70168,0.70158,0.70171,0.70152,0.70172
08/06/2016 21:32:02.000,0.70155,0.70171,0.70153,0.70173,0.70158,0.70168,0.70158,0.70171,0.70152,0.70172
08/06/2016 21:32:03.000,0.70155,0.70171,0.70152,0.70172,0.70157,0.70167,0.70156,0.70169,0.70151,0.70171
08/06/2016 21:32:04.000,0.70155,0.70171,0.70152,0.70172,0.70157,0.70167,0.70156,0.70169,0.70151,0.70171
08/06/2016 21:32:05.000,0.70155,0.70171,0.70152,0.70172,0.70157,0.70167,0.70156,0.70169,0.70151,0.70171
08/06/2016 21:32:06.000,0.70155,0.70171,0.70152,0.70172,0.70157,0.70167,0.70156,0.70169,0.70151,0.70171
08/06/2016 21:32:07.000,0.70155,0.7017,0.70151,0.70171,0.70156,0.70166,0.70156,0.70169,0.7015,0.7017
08/06/2016 21:32:08.000,0.70155,0.7017,0.70151,0.70171,0.70156,0.70166,0.70156,0.70169,0.7015,0.7017
08/06/2016 21:32:09.000,0.70155,0.7017,0.70151,0.70171,0.70156,0.70166,0.70156,0.70169,0.7015,0.7017
08/06/2016 21:32:10.000,0.70155,0.7017,0.70151,0.70171,0.70156,0.70166,0.70156,0.70169,0.7015,0.7017
08/06/2016 21:32:11.000,0.70148,0.70164,0.70145,0.70165,0.7015,0.70161,0.7015,0.70163,0.70142,0.70162
08/06/2016 21:32:12.000,0.70148,0.70164,0.70145,0.70165,0.7015,0.70161,0.70151,0.70164,0.70142,0.70162
08/06/2016 21:32:13.000,0.70148,0.70164,0.70145,0.70165,0.7015,0.70161,0.70151,0.70164,0.70142,0.70162
08/06/2016 21:32:14.000,0.70148,0.70164,0.70145,0.70165,0.7015,0.70161,0.70151,0.70164,0.70142,0.70162
08/06/2016 21:32:15.000,0.70148,0.70164,0.70145,0.70165,0.7015,0.70161,0.70151,0.70164,0.70142,0.70162
08/06/2016 21:32:16.000,0.70148,0.70164,0.70145,0.70165,0.7015,0.70161,0.70151,0.70164,0.70142,0.70162
08/06/2016 21:32:17.000,0.70148,0.70164,0.70145,0.70165,0.7015,0.70161,0.70151,0.70164,0.70142,0.70162
08/06/2016 21:32:18.000,0.70148,0.70164,0.70145,0.70165,0.7015,0.70161,0.70151,0.70164,0.70142,0.70162
08/06/2016 21:32:19.000,0.70148,0.70164,0.70145,0.70165,0.7015,0.70161,0.70151,0.70164,0.70142,0.70162
08/06/2016 21:32:20.000,0.70148,0.70164,0.70145,0.70165,0.7015,0.70161,0.70151,0.70164,0.70142,0.70162
08/06/2016 21:32:21.000,0.70148,0.70165,0.70145,0.70165,0.7015,0.70161,0.70151,0.70164,0.70142,0.70162
08/06/2016 21:32:22.000,0.70148,0.70165,0.70145,0.70165,0.7015,0.70161,0.70151,0.70164,0.70142,0.70162
08/06/2016 21:32:23.000,0.70148,0.70165,0.70145,0.70165,0.7015,0.70161,0.70151,0.70164,0.70142,0.70162
08/06/2016 21:32:24.000,0.70148,0.70165,0.70145,0.70165,0.7015,0.70161,0.70151,0.70164,0.70142,0.70162
08/06/2016 21:32:25.000,0.70148,0.70165,0.70145,0.70165,0.70149,0.70161,0.70151,0.70164,0.70142,0.70162
08/06/2016 21:32:26.000,0.70148,0.70165,0.70145,0.70165,0.70149,0.70161,0.70151,0.70164,0.70142,0.70162
08/06/2016 21:32:27.000,0.70148,0.70165,0.70145,0.70165,0.70149,0.70161,0.70151,0.70164,0.70142,0.70162
08/06/2016 21:32:28.000,0.70148,0.70165,0.70145,0.70165,0.70149,0.70161,0.70151,0.70164,0.70142,0.70162
08/06/2016 21:32:29.000,0.70148,0.70163,0.70145,0.70165,0.70149,0.70161,0.70151,0.70164,0.70142,0.70162
08/06/2016 21:32:30.000,0.70148,0.70163,0.70145,0.70165,0.70149,0.70161,0.70151,0.70164,0.70142,0.70162
08/06/2016 21:32:31.000,0.70148,0.70164,0.70145,0.70165,0.7015,0.70161,0.7015,0.70163,0.70142,0.70162
08/06/2016 21:32:32.000,0.70148,0.70164,0.70145,0.70165,0.7015,0.70161,0.7015,0.70163,0.70142,0.70162
08/06/2016 21:32:33.000,0.70148,0.70164,0.70145,0.70165,0.7015,0.70161,0.7015,0.70163,0.70142,0.70162
08/06/2016 21:32:34.000,0.70148,0.70164,0.70145,0.70165,0.70149,0.70161,0.7015,0.70163,0.70142,0.70162
08/06/2016 21:32:35.000,0.70148,0.70164,0.70145,0.70165,0.70149,0.70161,0.7015,0.70163,0.70142,0.70162
08/06/2016 21:32:36.000,0.70148,0.70164,0.70145,0.70165,0.70149,0.70161,0.7015,0.70163,0.70142,0.70162
08/06/2016 21:32:37.000,0.70148,0.70164,0.70145,0.70165,0.70149,0.70161,0.70151,0.70164,0.70142,0.70162
08/06/2016 21:32:38.000,0.70148,0.70164,0.70145,0.70165,0.70149,0.70161,0.70151,0.70164,0.70142,0.70162
08/06/2016 21:32:39.000,0.70148,0.70164,0.70145,0.70165,0.70149,0.70161,0.70151,0.70164,0.70142,0.70162
08/06/2016 21:32:40.000,0.70148,0.70164,0.70145,0.70165,0.70149,0.70161,0.70151,0.70164,0.70142,0.70162
08/06/2016 21:32:41.000,0.70148,0.70165,0.70146,0.70166,0.70146,0.70161,0.7015,0.70163,0.70142,0.70162
08/06/2016 21:32:42.000,0.70148,0.70165,0.70146,0.70166,0.70146,0.70161,0.70151,0.70164,0.70142,0.70162
08/06/2016 21:32:43.000,0.70148,0.70163,0.70145,0.70165,0.70147,0.70161,0.70151,0.70164,0.70142,0.70162
08/06/2016 21:32:44.000,0.70148,0.70163,0.70145,0.70165,0.70147,0.70161,0.7015,0.70163,0.70142,0.70162
08/06/2016 21:32:45.000,0.70148,0.70163,0.70145,0.70165,0.70147,0.70161,0.7015,0.70163,0.70142,0.70162
08/06/2016 21:32:46.000,0.70148,0.70163,0.70145,0.70165,0.70147,0.70161,0.7015,0.70163,0.70142,0.70162
08/06/2016 21:32:47.000,0.70148,0.70163,0.70145,0.70165,0.70147,0.70161,0.7015,0.70163,0.70142,0.70162
08/06/2016 21:32:48.000,0.70148,0.70163,0.70145,0.70165,0.70147,0.70161,0.7015,0.70163,0.70142,0.70162
08/06/2016 21:32:49.000,0.70148,0.70163,0.70145,0.70165,0.70147,0.70161,0.7015,0.70163,0.70142,0.70162
08/06/2016 21:32:50.000,0.70148,0.70163,0.70145,0.70165,0.70147,0.70161,0.7015,0.70163,0.70142,0.70162
08/06/2016 21:32:51.000,0.70148,0.70163,0.70145,0.70165,0.70147,0.70161,0.7015,0.70163,0.70142,0.70162
08/06/2016 21:32:52.000,0.70148,0.70163,0.70145,0.70165,0.70147,0.70161,0.7015,0.70163,0.70142,0.70162
08/06/2016 21:32:53.000,0.70148,0.70163,0.70145,0.70165,0.70147,0.70161,0.7015,0.70163,0.70142,0.70162
08/06/2016 21:32:54.000,0.70148,0.70163,0.70145,0.70165,0.70147,0.70161,0.7015,0.70163,0.70142,0.70162
08/06/2016 21:32:55.000,0.70148,0.70163,0.70145,0.70165,0.70147,0.70161,0.7015,0.70163,0.70142,0.70162
08/06/2016 21:32:56.000,0.70148,0.70163,0.70145,0.70165,0.70148,0.70161,0.7015,0.70163,0.70142,0.70162
08/06/2016 21:32:57.000,0.70148,0.70163,0.70145,0.70165,0.70148,0.70161,0.7015,0.70163,0.70142,0.70162
08/06/2016 21:32:58.000,0.70148,0.70163,0.70145,0.70165,0.70148,0.70161,0.7015,0.70163,0.70142,0.70162
08/06/2016 21:32:59.000,0.70148,0.70163,0.70145,0.70165,0.70148,0.70161,0.7015,0.70163,0.70142,0.70162
08/06/2016 21:33:00.000,0.70148,0.70163,0.70145,0.70165,0.70148,0.70161,0.7015,0.70163,0.70142,0.70162
08/06/2016 21:33:01.000,0.70148,0.70163,0.70145,0.70165,0.70145,0.70161,0.70149,0.70162,0.70142,0.70162
08/06/2016 21:33:02.000,0.70148,0.70164,0.70145,0.70165,0.70146,0.70161,0.7015,0.70163,0.70143,0.70163
08/06/2016 21:33:03.000,0.70148,0.70164,0.70145,0.70165,0.70146,0.70161,0.7015,0.70163,0.70143,0.70163
08/06/2016 21:33:04.000,0.70148,0.70164,0.70145,0.70165,0.70146,0.70161,0.7015,0.70163,0.70143,0.70163
08/06/2016 21:33:05.000,0.70148,0.70164,0.70145,0.70165,0.70145,0.70161,0.7015,0.70163,0.70143,0.70163
08/06/2016 21:33:06.000,0.70148,0.70164,0.70145,0.70165,0.70145,0.70161,0.7015,0.70163,0.70143,0.70163
08/06/2016 21:33:07.000,0.70148,0.70164,0.70145,0.70165,0.70145,0.70161,0.7015,0.70163,0.70143,0.70163
08/06/2016 21:33:08.000,0.70148,0.70164,0.70145,0.70165,0.70145,0.70161,0.7015,0.70163,0.70143,0.70163
08/06/2016 21:33:09.000,0.70148,0.70164,0.70145,0.70165,0.70145,0.70161,0.7015,0.70163,0.70143,0.70163
08/06/2016 21:33:10.000,0.70148,0.70164,0.70145,0.70165,0.70145,0.70161,0.7015,0.70163,0.70143,0.70163
08/06/2016 21:33:11.000,0.70148,0.70162,0.70144,0.70164,0.70145,0.70161,0.7015,0.70163,0.70141,0.70161
08/06/2016 21:33:12.000,0.70148,0.70162,0.70144,0.70164,0.70145,0.70161,0.70148,0.70161,0.70141,0.70161
08/06/2016 21:33:13.000,0.70148,0.70162,0.70144,0.70164,0.70144,0.7016,0.70148,0.70161,0.7014,0.7016
08/06/2016 21:33:14.000,0.70148,0.70162,0.70144,0.70164,0.70144,0.7016,0.70149,0.70162,0.7014,0.7016
08/06/2016 21:33:15.000,0.70148,0.70162,0.70144,0.70164,0.70144,0.7016,0.70148,0.70161,0.7014,0.7016
08/06/2016 21:33:16.000,0.70148,0.70162,0.70144,0.70164,0.70145,0.70161,0.70148,0.70161,0.7014,0.7016
08/06/2016 21:33:17.000,0.70148,0.70162,0.70144,0.70164,0.70145,0.70161,0.70148,0.70161,0.7014,0.7016
08/06/2016 21:33:18.000,0.70148,0.70162,0.70144,0.70164,0.70145,0.70161,0.70148,0.70161,0.7014,0.7016
08/06/2016 21:33:19.000,0.70148,0.70162,0.70144,0.70164,0.70145,0.70161,0.70148,0.70161,0.7014,0.7016
08/06/2016 21:33:20.000,0.70148,0.70162,0.70144,0.70164,0.70145,0.70161,0.70148,0.70161,0.7014,0.7016
08/06/2016 21:33:21.000,0.70148,0.70162,0.70144,0.70164,0.70145,0.70161,0.70148,0.70161,0.7014,0.7016
08/06/2016 21:33:22.000,0.70147,0.70161,0.70144,0.70164,0.70145,0.70161,0.70148,0.70161,0.70141,0.70161
08/06/2016 21:33:23.000,0.70147,0.70161,0.70144,0.70164,0.70145,0.70161,0.70147,0.7016,0.70141,0.70161
08/06/2016 21:33:24.000,0.70147,0.70162,0.70144,0.70164,0.70145,0.70161,0.70147,0.7016,0.70142,0.70162
08/06/2016 21:33:25.000,0.70147,0.70162,0.70144,0.70164,0.70145,0.70161,0.70147,0.7016,0.70142,0.70162
08/06/2016 21:33:26.000,0.70147,0.70162,0.70144,0.70164,0.70145,0.70161,0.70149,0.70162,0.70142,0.70162
08/06/2016 21:33:27.000,0.70148,0.70162,0.70145,0.70165,0.70146,0.70161,0.70148,0.70161,0.70142,0.70162
08/06/2016 21:33:28.000,0.70148,0.70162,0.70145,0.70165,0.70147,0.70161,0.70148,0.70161,0.70142,0.70162
08/06/2016 21:33:29.000,0.70148,0.70162,0.70145,0.70165,0.70147,0.70161,0.70149,0.70162,0.70142,0.70162
08/06/2016 21:33:30.000,0.70148,0.70162,0.70145,0.70165,0.70147,0.70161,0.70149,0.70162,0.70142,0.70162
08/06/2016 21:33:31.000,0.70148,0.70162,0.70145,0.70165,0.70147,0.70161,0.70149,0.70162,0.70142,0.70162
08/06/2016 21:33:32.000,0.70148,0.70162,0.70145,0.70165,0.70147,0.70161,0.70149,0.70162,0.70142,0.70162
08/06/2016 21:33:33.000,0.70148,0.70162,0.70145,0.70165,0.70147,0.70161,0.70149,0.70162,0.70142,0.70162
08/06/2016 21:33:34.000,0.70148,0.70162,0.70145,0.70165,0.70147,0.70161,0.70149,0.70162,0.70142,0.70162
08/06/2016 21:33:35.000,0.70148,0.70162,0.70145,0.70165,0.70147,0.70161,0.70149,0.70162,0.70142,0.70162
08/06/2016 21:33:36.000,0.70148,0.70162,0.70145,0.70165,0.70147,0.70161,0.70149,0.70162,0.70142,0.70162
08/06/2016 21:33:37.000,0.70148,0.70161,0.70144,0.70164,0.70147,0.70161,0.70149,0.70162,0.70142,0.70162
08/06/2016 21:33:38.000,0.70148,0.70161,0.70144,0.70164,0.70147,0.70161,0.70148,0.70161,0.70142,0.70162
08/06/2016 21:33:39.000,0.70148,0.70161,0.70144,0.70164,0.70147,0.70161,0.70148,0.70161,0.70142,0.70162
08/06/2016 21:33:40.000,0.70148,0.70161,0.70144,0.70164,0.70147,0.70161,0.70148,0.70161,0.70142,0.70162
08/06/2016 21:33:41.000,0.70146,0.70155,0.70139,0.70159,0.70144,0.70156,0.70145,0.70158,0.70137,0.70157
08/06/2016 21:33:42.000,0.70146,0.70155,0.70139,0.70159,0.70144,0.70156,0.70143,0.70156,0.70135,0.70159
08/06/2016 21:33:43.000,0.70146,0.70155,0.70139,0.70159,0.70144,0.70156,0.70143,0.70156,0.70135,0.70159
08/06/2016 21:33:44.000,0.70146,0.70155,0.70139,0.70159,0.70144,0.70156,0.70143,0.70156,0.70135,0.70159
08/06/2016 21:33:45.000,0.70146,0.70155,0.70139,0.70159,0.70144,0.70156,0.70143,0.70156,0.70136,0.7016
08/06/2016 21:33:46.000,0.70146,0.70155,0.70139,0.70159,0.70144,0.70156,0.70143,0.70156,0.70136,0.7016
08/06/2016 21:33:47.000,0.70146,0.70155,0.70139,0.70159,0.70144,0.70156,0.70143,0.70156,0.70136,0.7016
08/06/2016 21:33:48.000,0.70146,0.70155,0.70139,0.70159,0.70144,0.70156,0.70143,0.70156,0.70136,0.7016
08/06/2016 21:33:49.000,0.70146,0.70155,0.70139,0.70159,0.70144,0.70156,0.70143,0.70156,0.70136,0.7016
08/06/2016 21:33:50.000,0.70146,0.70155,0.70139,0.70159,0.70144,0.70156,0.70143,0.70156,0.70136,0.7016
08/06/2016 21:33:51.000,0.70146,0.70156,0.70139,0.70159,0.70144,0.70156,0.70143,0.70156,0.70136,0.7016
08/06/2016 21:33:52.000,0.70146,0.70156,0.70139,0.70159,0.70144,0.70156,0.70143,0.70156,0.70136,0.7016
08/06/2016 21:33:53.000,0.70146,0.70156,0.70139,0.70159,0.70144,0.70156,0.70143,0.70156,0.70136,0.7016
08/06/2016 21:33:54.000,0.70146,0.70156,0.70139,0.70159,0.70144,0.70156,0.70143,0.70156,0.70136,0.7016
08/06/2016 21:33:55.000,0.70146,0.70156,0.70139,0.70159,0.70144,0.70156,0.70143,0.70156,0.70136,0.7016
08/06/2016 21:33:56.000,0.70146,0.70156,0.70139,0.70159,0.70144,0.70156,0.70143,0.70156,0.70136,0.7016
08/06/2016 21:33:57.000,0.70146,0.70156,0.70139,0.70159,0.70145,0.70156,0.70144,0.70157,0.70136,0.7016
08/06/2016 21:33:58.000,0.70146,0.70156,0.7014,0.7016,0.70146,0.70156,0.70144,0.70157,0.70136,0.7016
08/06/2016 21:33:59.000,0.70146,0.70156,0.7014,0.7016,0.70146,0.70156,0.70144,0.70157,0.70136,0.7016
08/06/2016 21:34:00.000,0.70146,0.70156,0.7014,0.7016,0.70141,0.70156,0.70144,0.70157,0.70136,0.7016
08/06/2016 21:34:01.000,0.70135,0.70144,0.70129,0.70149,0.70125,0.70146,0.70135,0.70148,0.70126,0.7015
08/06/2016 21:34:02.000,0.70135,0.70144,0.70129,0.70149,0.70124,0.70146,0.70133,0.70146,0.70126,0.7015
08/06/2016 21:34:03.000,0.70135,0.70144,0.70129,0.70149,0.70124,0.70146,0.70133,0.70146,0.70126,0.7015
08/06/2016 21:34:04.000,0.70135,0.70144,0.70129,0.70149,0.70125,0.70146,0.70133,0.70146,0.70126,0.7015
08/06/2016 21:34:05.000,0.70135,0.70144,0.70128,0.70148,0.70123,0.70145,0.70133,0.70146,0.70125,0.70149
08/06/2016 21:34:06.000,0.70135,0.70144,0.70128,0.70148,0.70123,0.70145,0.70133,0.70146,0.70125,0.70149
08/06/2016 21:34:07.000,0.70135,0.70144,0.70128,0.70148,0.70123,0.70145,0.70133,0.70146,0.70125,0.70149
08/06/2016 21:34:08.000,0.70135,0.70144,0.70128,0.70148,0.70123,0.70145,0.70133,0.70146,0.70125,0.70149
08/06/2016 21:34:09.000,0.70135,0.70144,0.70128,0.70148,0.70123,0.70145,0.70133,0.70146,0.70125,0.70149
08/06/2016 21:34:10.000,0.70135,0.70144,0.70128,0.70148,0.70123,0.70145,0.70133,0.70146,0.70125,0.70149
08/06/2016 21:34:11.000,0.70135,0.70145,0.70129,0.70149,0.70123,0.70145,0.70133,0.70146,0.70125,0.70149
08/06/2016 21:34:12.000,0.70135,0.70146,0.7013,0.7015,0.70124,0.70146,0.70133,0.70146,0.70125,0.70149
08/06/2016 21:34:13.000,0.70135,0.70146,0.7013,0.7015,0.70124,0.70146,0.70133,0.70146,0.70125,0.70149
08/06/2016 21:34:14.000,0.70135,0.70146,0.7013,0.7015,0.70124,0.70146,0.70134,0.70147,0.70125,0.70149
08/06/2016 21:34:15.000,0.70135,0.70146,0.7013,0.7015,0.70123,0.70145,0.70134,0.70147,0.70125,0.70149
08/06/2016 21:34:16.000,0.70135,0.70146,0.7013,0.7015,0.70124,0.70146,0.70134,0.70147,0.70125,0.70149
08/06/2016 21:34:17.000,0.70135,0.70146,0.7013,0.7015,0.70124,0.70146,0.70134,0.70147,0.70125,0.70149
08/06/2016 21:34:18.000,0.70135,0.70146,0.7013,0.7015,0.70124,0.70146,0.70134,0.70147,0.70125,0.70149
08/06/2016 21:34:19.000,0.70135,0.70146,0.7013,0.7015,0.70124,0.70146,0.70134,0.70147,0.70125,0.70149
08/06/2016 21:34:20.000,0.70135,0.70146,0.7013,0.7015,0.70124,0.70146,0.70134,0.70147,0.70125,0.70149
08/06/2016 21:34:21.000,0.70135,0.70146,0.7013,0.7015,0.70124,0.70146,0.70134,0.70147,0.70125,0.70149
08/06/2016 21:34:22.000,0.7013,0.70145,0.70126,0.70146,0.70108,0.70141,0.70132,0.70145,0.70121,0.70145
08/06/2016 21:34:23.000,0.7013,0.70145,0.70126,0.70146,0.70108,0.70141,0.7013,0.70143,0.70121,0.70145
08/06/2016 21:34:24.000,0.7013,0.70145,0.70126,0.70146,0.70108,0.70141,0.7013,0.70143,0.70121,0.70145
08/06/2016 21:34:25.000,0.70125,0.70141,0.70122,0.70142,0.70119,0.70136,0.70126,0.70139,0.70119,0.70143
08/06/2016 21:34:26.000,0.70125,0.70141,0.70122,0.70142,0.70118,0.70136,0.70126,0.70139,0.70119,0.70143
08/06/2016 21:34:27.000,0.70125,0.7014,0.70121,0.70141,0.70119,0.70136,0.70126,0.70139,0.70117,0.70141
08/06/2016 21:34:28.000,0.70125,0.7014,0.70121,0.70141,0.70119,0.70136,0.70126,0.70139,0.70117,0.70141
08/06/2016 21:34:29.000,0.70125,0.7014,0.70121,0.70141,0.70119,0.70136,0.70126,0.70139,0.70117,0.70141
08/06/2016 21:34:30.000,0.70125,0.7014,0.70121,0.70141,0.70119,0.70136,0.70125,0.70138,0.70117,0.70141
08/06/2016 21:34:31.000,0.70125,0.7014,0.70122,0.70142,0.70119,0.70136,0.70125,0.70138,0.70117,0.70141
08/06/2016 21:34:32.000,0.70125,0.7014,0.70122,0.70142,0.70119,0.70136,0.70126,0.70139,0.70117,0.70141
08/06/2016 21:34:33.000,0.70125,0.7014,0.70122,0.70142,0.7012,0.70136,0.70125,0.70138,0.70117,0.70141
08/06/2016 21:34:34.000,0.70125,0.7014,0.70122,0.70142,0.7012,0.70136,0.70125,0.70138,0.70117,0.70141
08/06/2016 21:34:35.000,0.70125,0.7014,0.70122,0.70142,0.70119,0.70136,0.70125,0.70138,0.70117,0.70141
08/06/2016 21:34:36.000,0.70125,0.7014,0.70122,0.70142,0.70119,0.70136,0.70125,0.70138,0.70117,0.70141
08/06/2016 21:34:37.000,0.70127,0.70144,0.70126,0.70146,0.70109,0.70141,0.70129,0.70142,0.70121,0.70145
08/06/2016 21:34:38.000,0.70127,0.70144,0.70125,0.70145,0.70123,0.70138,0.70129,0.70142,0.70121,0.70145
08/06/2016 21:34:39.000,0.70127,0.70144,0.70125,0.70145,0.70122,0.70137,0.70129,0.70142,0.70121,0.70145
08/06/2016 21:34:40.000,0.70127,0.70144,0.70125,0.70145,0.70122,0.70137,0.70129,0.70142,0.70121,0.70145
08/06/2016 21:34:41.000,0.70125,0.70139,0.70121,0.70141,0.70121,0.70136,0.70126,0.70139,0.70119,0.70143
08/06/2016 21:34:42.000,0.70125,0.70139,0.70121,0.70141,0.70121,0.70136,0.70126,0.70139,0.70119,0.70143
08/06/2016 21:34:43.000,0.70125,0.70139,0.70121,0.70141,0.70121,0.70136,0.70126,0.70139,0.70119,0.70143
08/06/2016 21:34:44.000,0.70125,0.70137,0.70121,0.70141,0.7012,0.70136,0.70125,0.70138,0.70117,0.70141
08/06/2016 21:34:45.000,0.70125,0.70137,0.7012,0.7014,0.7012,0.70136,0.70124,0.70137,0.70117,0.70141
08/06/2016 21:34:46.000,0.70125,0.70137,0.7012,0.7014,0.7012,0.70136,0.70124,0.70137,0.70117,0.70141
08/06/2016 21:34:47.000,0.70125,0.70137,0.7012,0.7014,0.7012,0.70136,0.70124,0.70137,0.70117,0.70141
08/06/2016 21:34:48.000,0.70125,0.70141,0.70122,0.70142,0.70121,0.70136,0.70128,0.70141,0.70118,0.70142
08/06/2016 21:34:49.000,0.70125,0.70141,0.70122,0.70142,0.70121,0.70136,0.70128,0.70141,0.70118,0.70142
08/06/2016 21:34:50.000,0.70125,0.70141,0.70122,0.70142,0.70121,0.70136,0.70128,0.70141,0.70118,0.70142
08/06/2016 21:34:51.000,0.70125,0.70141,0.70122,0.70142,0.70121,0.70136,0.70128,0.70141,0.70118,0.70142
08/06/2016 21:34:52.000,0.70125,0.70141,0.70122,0.70142,0.70121,0.70136,0.70127,0.7014,0.70118,0.70142
08/06/2016 21:34:53.000,0.70126,0.70141,0.70123,0.70143,0.70125,0.70141,0.70126,0.70139,0.70118,0.70142
08/06/2016 21:34:54.000,0.70126,0.70141,0.70124,0.70144,0.70125,0.70141,0.70128,0.70141,0.70118,0.70142
08/06/2016 21:34:55.000,0.70126,0.70141,0.70124,0.70144,0.70125,0.70141,0.70128,0.70141,0.70118,0.70142
08/06/2016 21:34:56.000,0.70126,0.70141,0.70124,0.70144,0.70125,0.70141,0.70127,0.7014,0.70118,0.70142
08/06/2016 21:34:57.000,0.70126,0.70141,0.70124,0.70144,0.70125,0.70141,0.70127,0.7014,0.70118,0.70142
08/06/2016 21:34:58.000,0.70126,0.70141,0.70124,0.70144,0.70125,0.70141,0.70127,0.7014,0.70118,0.70142
08/06/2016 21:34:59.000,0.70126,0.70141,0.70124,0.70144,0.70125,0.70141,0.70127,0.7014,0.7012,0.70144
08/06/2016 21:35:00.000,0.70125,0.70141,0.70121,0.70141,0.70124,0.70136,0.70127,0.7014,0.70118,0.70142
08/06/2016 21:35:01.000,0.70125,0.70141,0.70121,0.70141,0.70124,0.70136,0.70127,0.7014,0.70118,0.70142
08/06/2016 21:35:02.000,0.70125,0.70141,0.70121,0.70141,0.70124,0.70136,0.70125,0.70138,0.70118,0.70142
08/06/2016 21:35:03.000,0.70125,0.70141,0.70121,0.70141,0.70124,0.70136,0.70125,0.70138,0.70118,0.70142
08/06/2016 21:35:04.000,0.70125,0.70141,0.70121,0.70141,0.70123,0.70136,0.70125,0.70138,0.70118,0.70142
08/06/2016 21:35:05.000,0.70125,0.70141,0.70121,0.70141,0.70123,0.70136,0.70125,0.70138,0.70118,0.70142
08/06/2016 21:35:06.000,0.70125,0.70141,0.70121,0.70141,0.70123,0.70136,0.70125,0.70138,0.70118,0.70142
08/06/2016 21:35:07.000,0.70125,0.70141,0.70121,0.70141,0.70123,0.70136,0.70125,0.70138,0.70118,0.70142
08/06/2016 21:35:08.000,0.70125,0.70141,0.70121,0.70141,0.70123,0.70136,0.70125,0.70138,0.70118,0.70142
08/06/2016 21:35:09.000,0.70125,0.70141,0.70121,0.70141,0.70123,0.70136,0.70125,0.70138,0.70118,0.70142
08/06/2016 21:35:10.000,0.70125,0.70141,0.70121,0.70141,0.70123,0.70136,0.70125,0.70138,0.70118,0.70142
08/06/2016 21:35:11.000,0.70125,0.70142,0.70122,0.70142,0.70123,0.70136,0.70125,0.70138,0.70118,0.70142
08/06/2016 21:35:12.000,0.70125,0.7014,0.70121,0.70141,0.70125,0.70136,0.70126,0.70139,0.70118,0.70142
08/06/2016 21:35:13.000,0.70125,0.7014,0.70121,0.70141,0.70125,0.70136,0.70126,0.70139,0.70118,0.70142
08/06/2016 21:35:14.000,0.70125,0.7014,0.70121,0.70141,0.70125,0.70136,0.70125,0.70138,0.70118,0.70142
08/06/2016 21:35:15.000,0.70125,0.7014,0.70121,0.70141,0.70125,0.70136,0.70125,0.70138,0.70118,0.70142
08/06/2016 21:35:16.000,0.70125,0.7014,0.70121,0.70141,0.70125,0.70136,0.70125,0.70138,0.70118,0.70142
08/06/2016 21:35:17.000,0.70125,0.7014,0.70121,0.70141,0.70125,0.70136,0.70125,0.70138,0.70118,0.70142
08/06/2016 21:35:18.000,0.70125,0.7014,0.70121,0.70141,0.70125,0.70136,0.70125,0.70138,0.70118,0.70142
08/06/2016 21:35:19.000,0.70125,0.7014,0.70121,0.70141,0.70127,0.70136,0.70125,0.70138,0.70118,0.70142
08/06/2016 21:35:20.000,0.70125,0.7014,0.70121,0.70141,0.70127,0.70137,0.70126,0.70139,0.70118,0.70142
08/06/2016 21:35:21.000,0.70125,0.7014,0.70121,0.70141,0.70126,0.70136,0.70126,0.70139,0.70118,0.70142
08/06/2016 21:35:22.000,0.70125,0.70142,0.70122,0.70142,0.70126,0.70136,0.70126,0.70139,0.70118,0.70142
08/06/2016 21:35:23.000,0.70125,0.70142,0.70122,0.70142,0.70126,0.70136,0.70126,0.70139,0.70118,0.70142
08/06/2016 21:35:24.000,0.70125,0.70142,0.70122,0.70142,0.70126,0.70136,0.70126,0.70139,0.70118,0.70142
08/06/2016 21:35:25.000,0.70125,0.70142,0.70122,0.70142,0.70126,0.70136,0.70126,0.70139,0.70118,0.70142
08/06/2016 21:35:26.000,0.70125,0.70142,0.70122,0.70142,0.70126,0.70136,0.70126,0.70139,0.70118,0.70142
08/06/2016 21:35:27.000,0.70125,0.70142,0.70122,0.70142,0.70126,0.70136,0.70126,0.70139,0.70118,0.70142
08/06/2016 21:35:28.000,0.70125,0.70142,0.70122,0.70142,0.70124,0.70136,0.70126,0.70139,0.70118,0.70142
08/06/2016 21:35:29.000,0.70125,0.70142,0.70123,0.70143,0.70128,0.70138,0.70126,0.70139,0.70118,0.70142
08/06/2016 21:35:30.000,0.70125,0.70142,0.70123,0.70143,0.70128,0.70138,0.70126,0.70139,0.70118,0.70142
08/06/2016 21:35:31.000,0.70125,0.70142,0.70122,0.70142,0.70127,0.70137,0.70127,0.7014,0.70118,0.70142
08/06/2016 21:35:32.000,0.70125,0.70142,0.70122,0.70142,0.70127,0.70137,0.70127,0.7014,0.70118,0.70142
08/06/2016 21:35:33.000,0.70125,0.70142,0.70122,0.70142,0.70127,0.70137,0.70126,0.70139,0.70118,0.70142
08/06/2016 21:35:34.000,0.70125,0.70142,0.70122,0.70142,0.70127,0.70137,0.70126,0.70139,0.70118,0.70142
08/06/2016 21:35:35.000,0.70125,0.70142,0.70122,0.70142,0.70127,0.70137,0.70126,0.70139,0.70118,0.70142
08/06/2016 21:35:36.000,0.70125,0.70142,0.70122,0.70142,0.70127,0.70137,0.70126,0.70139,0.70118,0.70142
08/06/2016 21:35:37.000,0.70125,0.70142,0.70122,0.70142,0.70127,0.70137,0.70126,0.70139,0.70118,0.70142
08/06/2016 21:35:38.000,0.70125,0.70142,0.70122,0.70142,0.70126,0.70136,0.70126,0.70139,0.70118,0.70142
08/06/2016 21:35:39.000,0.70125,0.70142,0.70122,0.70142,0.70126,0.70136,0.70126,0.70139,0.70118,0.70142
08/06/2016 21:35:40.000,0.70125,0.70142,0.70122,0.70142,0.70124,0.70136,0.70126,0.70139,0.70118,0.70142
08/06/2016 21:35:41.000,0.70125,0.70142,0.70122,0.70142,0.70123,0.70136,0.70126,0.70139,0.70118,0.70142
08/06/2016 21:35:42.000,0.70125,0.70142,0.70122,0.70142,0.70124,0.70136,0.70126,0.70139,0.70118,0.70142
08/06/2016 21:35:43.000,0.70125,0.70142,0.70122,0.70142,0.70124,0.70136,0.70126,0.70139,0.70118,0.70142
08/06/2016 21:35:44.000,0.70125,0.70142,0.70122,0.70142,0.70124,0.70136,0.70126,0.70139,0.70118,0.70142
08/06/2016 21:35:45.000,0.70125,0.70142,0.70122,0.70142,0.70124,0.70136,0.70126,0.70139,0.70118,0.70142
08/06/2016 21:35:46.000,0.70125,0.70142,0.70122,0.70142,0.70124,0.70136,0.70126,0.70139,0.70118,0.70142
08/06/2016 21:35:47.000,0.70125,0.70142,0.70122,0.70142,0.70124,0.70136,0.70126,0.70139,0.70118,0.70142
08/06/2016 21:35:48.000,0.70125,0.70142,0.70122,0.70142,0.70125,0.70136,0.70126,0.70139,0.70118,0.70142
08/06/2016 21:35:49.000,0.70125,0.70142,0.70122,0.70142,0.70126,0.70136,0.70126,0.70139,0.70118,0.70142
08/06/2016 21:35:50.000,0.7012,0.70133,0.70116,0.70136,0.70119,0.70131,0.7012,0.70133,0.70113,0.70137
08/06/2016 21:35:51.000,0.7012,0.70133,0.70115,0.70135,0.70118,0.70131,0.7012,0.70133,0.70113,0.70137
08/06/2016 21:35:52.000,0.7012,0.70133,0.70115,0.70135,0.70118,0.70131,0.7012,0.70133,0.70113,0.70137
08/06/2016 21:35:53.000,0.7012,0.70133,0.70115,0.70135,0.70118,0.70131,0.7012,0.70133,0.70113,0.70137
08/06/2016 21:35:54.000,0.7012,0.70133,0.70115,0.70135,0.70118,0.70131,0.7012,0.70133,0.70113,0.70137
08/06/2016 21:35:55.000,0.7012,0.70133,0.70115,0.70135,0.70118,0.70131,0.7012,0.70133,0.70113,0.70137
08/06/2016 21:35:56.000,0.7012,0.70133,0.70115,0.70135,0.70118,0.70131,0.7012,0.70133,0.70113,0.70137
08/06/2016 21:35:57.000,0.7012,0.70136,0.70116,0.70136,0.70118,0.70131,0.7012,0.70133,0.70113,0.70137
08/06/2016 21:35:58.000,0.7012,0.70136,0.70116,0.70136,0.70119,0.70131,0.7012,0.70133,0.70113,0.70137
08/06/2016 21:35:59.000,0.7012,0.70136,0.70116,0.70136,0.70119,0.70131,0.7012,0.70133,0.70113,0.70137
08/06/2016 21:36:00.000,0.7012,0.70136,0.70116,0.70136,0.70119,0.70131,0.70121,0.70134,0.70113,0.70137
08/06/2016 21:36:01.000,0.7012,0.70136,0.70116,0.70136,0.70119,0.70131,0.70121,0.70134,0.70113,0.70137
08/06/2016 21:36:02.000,0.7012,0.70136,0.70116,0.70136,0.70119,0.70131,0.70121,0.70134,0.70113,0.70137
08/06/2016 21:36:03.000,0.70118,0.70131,0.70114,0.70134,0.70113,0.70131,0.70114,0.7013,0.70109,0.70133
08/06/2016 21:36:04.000,0.70118,0.70131,0.70115,0.70135,0.70112,0.7013,0.70114,0.7013,0.70109,0.70133
08/06/2016 21:36:05.000,0.70118,0.70132,0.70115,0.70135,0.70112,0.7013,0.70113,0.7013,0.7011,0.70134
08/06/2016 21:36:06.000,0.70118,0.70132,0.70115,0.70135,0.70112,0.7013,0.70113,0.7013,0.7011,0.70134
08/06/2016 21:36:07.000,0.70118,0.70132,0.70115,0.70135,0.70113,0.70131,0.70114,0.7013,0.7011,0.70134
08/06/2016 21:36:08.000,0.70118,0.70132,0.70115,0.70135,0.70113,0.70131,0.70114,0.7013,0.7011,0.70134
08/06/2016 21:36:09.000,0.70116,0.7013,0.70114,0.70134,0.70112,0.7013,0.70114,0.7013,0.7011,0.70134
08/06/2016 21:36:10.000,0.70116,0.7013,0.70114,0.70134,0.70113,0.70131,0.70114,0.7013,0.7011,0.70134
08/06/2016 21:36:11.000,0.70116,0.7013,0.70114,0.70134,0.70113,0.70131,0.70114,0.7013,0.7011,0.70134
08/06/2016 21:36:12.000,0.70116,0.7013,0.70114,0.70134,0.70113,0.70131,0.70114,0.7013,0.7011,0.70134
08/06/2016 21:36:13.000,0.70116,0.7013,0.70114,0.70134,0.70113,0.70131,0.70113,0.70133,0.7011,0.70134
08/06/2016 21:36:14.000,0.70116,0.7013,0.70114,0.70134,0.70113,0.70131,0.70113,0.70133,0.7011,0.70134
08/06/2016 21:36:15.000,0.70116,0.7013,0.70114,0.70134,0.70113,0.70131,0.70113,0.70133,0.7011,0.70134
08/06/2016 21:36:16.000,0.70115,0.70132,0.70115,0.70135,0.70114,0.70131,0.70112,0.70136,0.70109,0.70133
08/06/2016 21:36:17.000,0.70116,0.70132,0.70114,0.70134,0.70118,0.70131,0.70114,0.70134,0.70111,0.70135
08/06/2016 21:36:18.000,0.7012,0.70132,0.70115,0.70135,0.70111,0.70127,0.70115,0.70135,0.70112,0.70136
08/06/2016 21:36:19.000,0.7012,0.70132,0.70115,0.70135,0.70113,0.70129,0.70116,0.70136,0.70112,0.70136
08/06/2016 21:36:20.000,0.70122,0.70132,0.70116,0.70136,0.70113,0.70129,0.70116,0.70136,0.70112,0.70136
08/06/2016 21:36:21.000,0.70122,0.70132,0.70116,0.70136,0.70112,0.70136,0.70116,0.70136,0.70112,0.70136
08/06/2016 21:36:22.000,0.70124,0.70138,0.70119,0.70139,0.70115,0.70138,0.70119,0.70139,0.70118,0.70142
08/06/2016 21:36:23.000,0.70124,0.70142,0.70121,0.70141,0.70119,0.70142,0.70122,0.70142,0.70121,0.70145
08/06/2016 21:36:24.000,0.70124,0.70143,0.70122,0.70142,0.70118,0.70142,0.70122,0.70142,0.70121,0.70145
08/06/2016 21:36:25.000,0.70124,0.70143,0.70122,0.70142,0.70121,0.70145,0.70123,0.70143,0.7012,0.70144
08/06/2016 21:36:26.000,0.70124,0.70142,0.70122,0.70142,0.7012,0.70143,0.70123,0.70143,0.70118,0.70142
08/06/2016 21:36:27.000,0.70124,0.70142,0.70122,0.70142,0.7012,0.70143,0.70123,0.70143,0.70118,0.70142
08/06/2016 21:36:28.000,0.70124,0.70142,0.70122,0.70142,0.7012,0.70143,0.70123,0.70143,0.70118,0.70142
08/06/2016 21:36:29.000,0.70124,0.70142,0.70122,0.70142,0.7012,0.70143,0.70123,0.70143,0.70118,0.70142
08/06/2016 21:36:30.000,0.70124,0.70141,0.70122,0.70142,0.70119,0.70142,0.70123,0.70143,0.70118,0.70142
08/06/2016 21:36:31.000,0.70124,0.70141,0.70122,0.70142,0.70119,0.70142,0.70123,0.70143,0.70118,0.70142
08/06/2016 21:36:32.000,0.70125,0.70141,0.70122,0.70142,0.70119,0.70142,0.70122,0.70142,0.70118,0.70142
08/06/2016 21:36:33.000,0.70125,0.70141,0.70122,0.70142,0.70118,0.70141,0.70122,0.70142,0.70118,0.70142
08/06/2016 21:36:34.000,0.70125,0.70141,0.70122,0.70142,0.70119,0.70143,0.70122,0.70142,0.70118,0.70142
08/06/2016 21:36:35.000,0.70125,0.70141,0.70122,0.70142,0.70119,0.70142,0.70122,0.70142,0.70118,0.70142
08/06/2016 21:36:36.000,0.70125,0.70141,0.70122,0.70142,0.70119,0.70142,0.70122,0.70142,0.70118,0.70142
08/06/2016 21:36:37.000,0.70125,0.70141,0.70122,0.70142,0.70119,0.70142,0.70122,0.70142,0.70118,0.70142
08/06/2016 21:36:38.000,0.70125,0.70141,0.70122,0.70142,0.70119,0.70142,0.70122,0.70142,0.70118,0.70142
08/06/2016 21:36:39.000,0.70125,0.70141,0.70122,0.70142,0.70119,0.70142,0.70122,0.70142,0.7012,0.70144
08/06/2016 21:36:40.000,0.70125,0.70141,0.70122,0.70142,0.70119,0.70142,0.70122,0.70142,0.7012,0.70144
08/06/2016 21:36:41.000,0.70125,0.70142,0.70122,0.70142,0.70118,0.70142,0.70122,0.70142,0.7012,0.70144
08/06/2016 21:36:42.000,0.70125,0.70142,0.70122,0.70142,0.70118,0.70142,0.70122,0.70142,0.7012,0.70144
08/06/2016 21:36:43.000,0.70125,0.70142,0.70122,0.70142,0.70118,0.70142,0.70122,0.70142,0.7012,0.70144
08/06/2016 21:36:44.000,0.70125,0.70142,0.70122,0.70142,0.70118,0.70142,0.70122,0.70142,0.7012,0.70144
08/06/2016 21:36:45.000,0.70125,0.70141,0.70122,0.70142,0.70117,0.7014,0.70122,0.70142,0.7012,0.70144
08/06/2016 21:36:46.000,0.70125,0.70141,0.70122,0.70142,0.70117,0.7014,0.70122,0.70142,0.7012,0.70144
08/06/2016 21:36:47.000,0.70125,0.70141,0.70122,0.70142,0.70118,0.70141,0.70122,0.70142,0.7012,0.70144
08/06/2016 21:36:48.000,0.70125,0.70141,0.70122,0.70142,0.70118,0.70141,0.70122,0.70142,0.7012,0.70144
08/06/2016 21:36:49.000,0.70125,0.70141,0.70122,0.70142,0.70118,0.70141,0.70122,0.70142,0.7012,0.70144
08/06/2016 21:36:50.000,0.70125,0.70141,0.70122,0.70142,0.70118,0.70141,0.70122,0.70142,0.7012,0.70144
08/06/2016 21:36:51.000,0.70125,0.70141,0.70122,0.70142,0.70118,0.70141,0.70122,0.70142,0.7012,0.70144
08/06/2016 21:36:52.000,0.70125,0.70141,0.70122,0.70142,0.70118,0.70141,0.70122,0.70142,0.7012,0.70144
08/06/2016 21:36:53.000,0.70125,0.70141,0.70122,0.70142,0.70118,0.70141,0.70122,0.70142,0.7012,0.70144
08/06/2016 21:36:54.000,0.70125,0.70141,0.70122,0.70142,0.70119,0.70142,0.70122,0.70142,0.7012,0.70144
08/06/2016 21:36:55.000,0.70125,0.70141,0.70122,0.70142,0.70119,0.70142,0.70123,0.70143,0.7012,0.70144
08/06/2016 21:36:56.000,0.70125,0.70141,0.70122,0.70142,0.70119,0.70142,0.70123,0.70143,0.7012,0.70144
08/06/2016 21:36:57.000,0.70125,0.70142,0.70122,0.70142,0.70117,0.7014,0.70123,0.70143,0.7012,0.70144
08/06/2016 21:36:58.000,0.70125,0.70142,0.70122,0.70142,0.70117,0.70141,0.70123,0.70143,0.7012,0.70144
08/06/2016 21:36:59.000,0.70125,0.70143,0.70122,0.70142,0.70117,0.70141,0.70123,0.70143,0.7012,0.70144
08/06/2016 21:37:00.000,0.70125,0.70143,0.70122,0.70142,0.70117,0.70141,0.70123,0.70143,0.7012,0.70144
08/06/2016 21:37:01.000,0.70125,0.70143,0.70122,0.70142,0.70117,0.70141,0.70123,0.70143,0.7012,0.70144
08/06/2016 21:37:02.000,0.70125,0.70142,0.70122,0.70142,0.70117,0.70141,0.70123,0.70143,0.7012,0.70144
08/06/2016 21:37:03.000,0.70125,0.70142,0.70122,0.70142,0.70125,0.70142,0.70127,0.70143,0.7012,0.70144
08/06/2016 21:37:04.000,0.70125,0.70142,0.70122,0.70142,0.70125,0.70142,0.70127,0.70143,0.7012,0.70144
08/06/2016 21:37:05.000,0.70125,0.70141,0.70122,0.70142,0.70124,0.70141,0.70127,0.70143,0.70118,0.70142
08/06/2016 21:37:06.000,0.70125,0.70141,0.70122,0.70142,0.70124,0.70141,0.70126,0.70142,0.70118,0.70142
08/06/2016 21:37:07.000,0.70125,0.70141,0.70122,0.70142,0.70124,0.70141,0.70126,0.70142,0.70118,0.70142
08/06/2016 21:37:08.000,0.70125,0.70141,0.70122,0.70142,0.70124,0.70141,0.70126,0.70142,0.70118,0.70142
08/06/2016 21:37:09.000,0.70125,0.70141,0.70122,0.70142,0.70125,0.70142,0.70126,0.70143,0.70121,0.70145
08/06/2016 21:37:10.000,0.70125,0.70141,0.70122,0.70142,0.70125,0.70142,0.70126,0.70143,0.70121,0.70145
08/06/2016 21:37:11.000,0.70125,0.70141,0.70122,0.70142,0.70125,0.70142,0.70126,0.70143,0.70121,0.70145
08/06/2016 21:37:12.000,0.70126,0.70141,0.70122,0.70142,0.70125,0.70142,0.70126,0.70143,0.70121,0.70145
08/06/2016 21:37:13.000,0.70126,0.70141,0.70122,0.70142,0.70125,0.70142,0.70126,0.70139,0.70121,0.70145
08/06/2016 21:37:14.000,0.70126,0.70141,0.70122,0.70142,0.70125,0.70142,0.70126,0.70139,0.70121,0.70145
08/06/2016 21:37:15.000,0.7011,0.70125,0.70107,0.70127,0.70107,0.70124,0.70111,0.70124,0.70104,0.70128
08/06/2016 21:37:16.000,0.70108,0.70123,0.70106,0.70126,0.70107,0.70124,0.70111,0.70124,0.70104,0.70128
08/06/2016 21:37:17.000,0.70108,0.70123,0.70106,0.70126,0.70107,0.70124,0.7011,0.70123,0.70104,0.70128
08/06/2016 21:37:18.000,0.70108,0.70125,0.70105,0.70125,0.70108,0.70125,0.7011,0.70123,0.70102,0.70126
08/06/2016 21:37:19.000,0.70108,0.70123,0.70105,0.70125,0.70108,0.70125,0.7011,0.70123,0.70102,0.70126
08/06/2016 21:37:20.000,0.70108,0.70125,0.70106,0.70126,0.70108,0.70125,0.7011,0.70123,0.70102,0.70126
08/06/2016 21:37:21.000,0.70108,0.70121,0.70106,0.70126,0.70109,0.7012,0.7011,0.70123,0.70102,0.70126
08/06/2016 21:37:22.000,0.70108,0.7012,0.70103,0.70123,0.70107,0.70116,0.70108,0.70121,0.70098,0.70122
08/06/2016 21:37:23.000,0.70108,0.70127,0.70105,0.70125,0.70109,0.70119,0.7011,0.70123,0.70103,0.70127
08/06/2016 21:37:24.000,0.70109,0.70127,0.70107,0.70127,0.7011,0.70121,0.70111,0.70124,0.70105,0.70129
08/06/2016 21:37:25.000,0.70109,0.70127,0.70107,0.70127,0.7011,0.70121,0.70111,0.70124,0.70106,0.7013
08/06/2016 21:37:26.000,0.70109,0.70127,0.70107,0.70127,0.7011,0.70121,0.70111,0.70124,0.70106,0.7013
08/06/2016 21:37:27.000,0.70109,0.70127,0.70107,0.70127,0.7011,0.70121,0.70111,0.70124,0.70106,0.7013
08/06/2016 21:37:28.000,0.70109,0.70127,0.70107,0.70127,0.7011,0.70121,0.70111,0.70124,0.70106,0.7013
08/06/2016 21:37:29.000,0.70109,0.70127,0.70107,0.70127,0.7011,0.70121,0.70111,0.70124,0.70106,0.7013
08/06/2016 21:37:30.000,0.70109,0.70127,0.70107,0.70127,0.7011,0.70121,0.70111,0.70124,0.70106,0.7013
08/06/2016 21:37:31.000,0.70117,0.70128,0.70112,0.70132,0.70117,0.70127,0.70114,0.70127,0.70109,0.70133
08/06/2016 21:37:32.000,0.70117,0.70128,0.70113,0.70133,0.70117,0.70127,0.70116,0.70129,0.70109,0.70133
08/06/2016 21:37:33.000,0.70117,0.70128,0.70113,0.70133,0.70117,0.70127,0.70116,0.70129,0.70109,0.70133
08/06/2016 21:37:34.000,0.70117,0.70128,0.70113,0.70133,0.70117,0.70127,0.70116,0.70129,0.70109,0.70133
08/06/2016 21:37:35.000,0.70117,0.70132,0.70114,0.70134,0.70119,0.70131,0.70119,0.70132,0.70112,0.70136
08/06/2016 21:37:36.000,0.70125,0.7014,0.70121,0.70141,0.70121,0.70131,0.70125,0.70138,0.70118,0.70142
08/06/2016 21:37:37.000,0.70125,0.70137,0.7012,0.7014,0.70121,0.70131,0.70125,0.70138,0.70118,0.70142
08/06/2016 21:37:38.000,0.70125,0.70137,0.7012,0.7014,0.70121,0.70131,0.70124,0.70137,0.70118,0.70142
08/06/2016 21:37:39.000,0.70125,0.70137,0.7012,0.7014,0.70121,0.70131,0.70124,0.70137,0.70118,0.70142
08/06/2016 21:37:40.000,0.70125,0.70137,0.7012,0.7014,0.70121,0.70131,0.70124,0.70137,0.70118,0.70142
08/06/2016 21:37:41.000,0.70125,0.70137,0.7012,0.7014,0.70121,0.70131,0.70124,0.70137,0.70118,0.70142
08/06/2016 21:37:42.000,0.70125,0.70137,0.7012,0.7014,0.70121,0.70131,0.70124,0.70137,0.70118,0.70142
08/06/2016 21:37:43.000,0.70125,0.70137,0.7012,0.7014,0.70121,0.70131,0.70124,0.70137,0.70118,0.70142
08/06/2016 21:37:44.000,0.70125,0.70133,0.70118,0.70138,0.7012,0.70131,0.70121,0.70134,0.70115,0.70139
08/06/2016 21:37:45.000,0.70125,0.70133,0.70118,0.70138,0.7012,0.70131,0.70121,0.70134,0.70114,0.70138
08/06/2016 21:37:46.000,0.70125,0.70133,0.70118,0.70138,0.70119,0.70131,0.70121,0.70134,0.70114,0.70138
08/06/2016 21:37:47.000,0.70125,0.70133,0.70118,0.70138,0.7012,0.70131,0.70121,0.70134,0.70114,0.70138
08/06/2016 21:37:48.000,0.70125,0.70133,0.70118,0.70138,0.7012,0.70131,0.70121,0.70134,0.70114,0.70138
08/06/2016 21:37:49.000,0.70125,0.70133,0.70118,0.70138,0.7012,0.70131,0.70121,0.70134,0.70114,0.70138
08/06/2016 21:37:50.000,0.70125,0.70133,0.70118,0.70138,0.7012,0.70131,0.70122,0.70135,0.70114,0.70138
08/06/2016 21:37:51.000,0.70125,0.70133,0.70118,0.70138,0.7012,0.70131,0.70122,0.70135,0.70114,0.70138
08/06/2016 21:37:52.000,0.70125,0.70133,0.70118,0.70138,0.7012,0.70131,0.70121,0.70134,0.70114,0.70138
08/06/2016 21:37:53.000,0.70125,0.70133,0.70118,0.70138,0.7012,0.70131,0.70121,0.70134,0.70114,0.70138
08/06/2016 21:37:54.000,0.70125,0.70133,0.70118,0.70138,0.7012,0.70131,0.70121,0.70134,0.70114,0.70138
08/06/2016 21:37:55.000,0.70125,0.70133,0.70118,0.70138,0.7012,0.70131,0.70121,0.70134,0.70114,0.70138
08/06/2016 21:37:56.000,0.70125,0.70134,0.7012,0.7014,0.70121,0.70131,0.70123,0.70136,0.70116,0.7014
08/06/2016 21:37:57.000,0.70125,0.70135,0.70119,0.70139,0.70121,0.70133,0.70123,0.70136,0.70116,0.7014
08/06/2016 21:37:58.000,0.70125,0.70135,0.70119,0.70139,0.70121,0.70133,0.70123,0.70136,0.70116,0.7014
08/06/2016 21:37:59.000,0.70125,0.70135,0.70119,0.70139,0.70121,0.70133,0.70123,0.70136,0.70116,0.7014
08/06/2016 21:38:00.000,0.70125,0.70135,0.70119,0.70139,0.70121,0.70133,0.70123,0.70136,0.70116,0.7014
08/06/2016 21:38:01.000,0.70125,0.70137,0.7012,0.7014,0.70121,0.70133,0.70123,0.70136,0.70116,0.7014
08/06/2016 21:38:02.000,0.70125,0.70135,0.7012,0.7014,0.70122,0.70133,0.70123,0.70136,0.70116,0.7014
08/06/2016 21:38:03.000,0.70125,0.70137,0.7012,0.7014,0.70122,0.70133,0.70124,0.70137,0.70116,0.7014
08/06/2016 21:38:04.000,0.70125,0.70137,0.7012,0.7014,0.70122,0.70133,0.70124,0.70137,0.70116,0.7014
08/06/2016 21:38:05.000,0.70122,0.70137,0.70118,0.70138,0.70121,0.70133,0.70123,0.70136,0.70116,0.7014
08/06/2016 21:38:06.000,0.70122,0.70135,0.70118,0.70138,0.70121,0.70133,0.70123,0.70136,0.70116,0.7014
08/06/2016 21:38:07.000,0.70122,0.70135,0.70118,0.70138,0.70121,0.70133,0.70123,0.70136,0.70116,0.7014
08/06/2016 21:38:08.000,0.70122,0.70135,0.70118,0.70138,0.70121,0.70133,0.70121,0.70134,0.70116,0.7014
08/06/2016 21:38:09.000,0.70122,0.70135,0.70118,0.70138,0.70121,0.70133,0.70121,0.70134,0.70116,0.7014
08/06/2016 21:38:10.000,0.70122,0.70135,0.70118,0.70138,0.70121,0.70133,0.70121,0.70134,0.70116,0.7014
08/06/2016 21:38:11.000,0.70122,0.70135,0.70118,0.70138,0.70121,0.70133,0.70121,0.70134,0.70116,0.7014
08/06/2016 21:38:12.000,0.70122,0.70135,0.70118,0.70138,0.70121,0.70133,0.70121,0.70134,0.70116,0.7014
08/06/2016 21:38:13.000,0.70122,0.70135,0.70118,0.70138,0.70121,0.70133,0.70121,0.70134,0.70116,0.7014
08/06/2016 21:38:14.000,0.70122,0.70135,0.70118,0.70138,0.70121,0.70133,0.70121,0.70134,0.70116,0.7014
08/06/2016 21:38:15.000,0.70124,0.70135,0.70118,0.70138,0.70121,0.70132,0.70121,0.70134,0.70116,0.7014
08/06/2016 21:38:16.000,0.70122,0.70134,0.70117,0.70137,0.7012,0.70132,0.70121,0.70134,0.70116,0.7014
08/06/2016 21:38:17.000,0.70122,0.70134,0.70117,0.70137,0.70122,0.70134,0.70121,0.70134,0.70116,0.7014
08/06/2016 21:38:18.000,0.70122,0.70134,0.70118,0.70138,0.70122,0.70134,0.70121,0.70134,0.70116,0.7014
08/06/2016 21:38:19.000,0.70122,0.70134,0.70118,0.70138,0.70122,0.70134,0.70122,0.70135,0.70116,0.7014
08/06/2016 21:38:20.000,0.70122,0.70134,0.70118,0.70138,0.70122,0.70134,0.70122,0.70135,0.70116,0.7014
08/06/2016 21:38:21.000,0.70122,0.70134,0.70118,0.70138,0.70122,0.70134,0.70122,0.70135,0.70116,0.7014
08/06/2016 21:38:22.000,0.70122,0.70134,0.70118,0.70138,0.70122,0.70134,0.70122,0.70135,0.70116,0.7014
08/06/2016 21:38:23.000,0.70122,0.70134,0.70118,0.70138,0.70122,0.70134,0.70122,0.70135,0.70116,0.7014
08/06/2016 21:38:24.000,0.70122,0.70134,0.70118,0.70138,0.70122,0.70134,0.70122,0.70135,0.70116,0.7014
08/06/2016 21:38:25.000,0.70122,0.70134,0.70118,0.70138,0.70122,0.70134,0.70122,0.70135,0.70115,0.70139
08/06/2016 21:38:26.000,0.70122,0.70134,0.70118,0.70138,0.70122,0.70134,0.70122,0.70135,0.70115,0.70139
08/06/2016 21:38:27.000,0.70122,0.70134,0.70118,0.70138,0.70122,0.70134,0.70122,0.70135,0.70115,0.70139
08/06/2016 21:38:28.000,0.70122,0.70134,0.70118,0.70138,0.70121,0.70133,0.70122,0.70135,0.70115,0.70139
08/06/2016 21:38:29.000,0.70122,0.70134,0.70118,0.70138,0.70121,0.70133,0.70122,0.70135,0.70115,0.70139
08/06/2016 21:38:30.000,0.70122,0.70134,0.70118,0.70138,0.70121,0.70132,0.70122,0.70135,0.70115,0.70139
08/06/2016 21:38:31.000,0.70122,0.70134,0.70118,0.70138,0.70121,0.70132,0.70122,0.70135,0.70115,0.70139
08/06/2016 21:38:32.000,0.70122,0.70134,0.70118,0.70138,0.70121,0.70132,0.70122,0.70135,0.70115,0.70139
08/06/2016 21:38:33.000,0.70122,0.70134,0.70118,0.70138,0.7013,0.70141,0.70122,0.70135,0.70115,0.70139
08/06/2016 21:38:34.000,0.70122,0.70134,0.70118,0.70138,0.7013,0.70141,0.70122,0.70135,0.70115,0.70139
08/06/2016 21:38:35.000,0.70122,0.70134,0.70118,0.70138,0.7013,0.70141,0.70122,0.70135,0.70115,0.70139
08/06/2016 21:38:36.000,0.7013,0.70135,0.70119,0.70139,0.70131,0.70143,0.70122,0.70135,0.70117,0.70141
08/06/2016 21:38:37.000,0.7013,0.70135,0.70119,0.70139,0.70132,0.70143,0.70124,0.70137,0.70117,0.70141
08/06/2016 21:38:38.000,0.7013,0.70138,0.70121,0.70141,0.70133,0.70146,0.70124,0.70137,0.70119,0.70143
08/06/2016 21:38:39.000,0.7013,0.7014,0.70121,0.70141,0.70133,0.70146,0.70124,0.70137,0.70119,0.70143
08/06/2016 21:38:40.000,0.7013,0.7014,0.70121,0.70141,0.70131,0.70143,0.70124,0.70137,0.70119,0.70143
08/06/2016 21:38:41.000,0.7013,0.7014,0.70121,0.70141,0.70131,0.70143,0.70124,0.70137,0.70119,0.70143
08/06/2016 21:38:42.000,0.7013,0.7014,0.70121,0.70141,0.7013,0.70142,0.70125,0.70138,0.70119,0.70143
08/06/2016 21:38:43.000,0.7013,0.7014,0.70121,0.70141,0.7013,0.70142,0.70125,0.70138,0.70119,0.70143
08/06/2016 21:38:44.000,0.7013,0.7014,0.70121,0.70141,0.7013,0.70142,0.70125,0.70138,0.70119,0.70143
08/06/2016 21:38:45.000,0.7013,0.70138,0.70121,0.70141,0.7013,0.70142,0.70124,0.70137,0.70119,0.70143
08/06/2016 21:38:46.000,0.7013,0.70138,0.70121,0.70141,0.7013,0.70142,0.70124,0.70137,0.70119,0.70143
08/06/2016 21:38:47.000,0.7013,0.70138,0.70121,0.70141,0.7013,0.70142,0.70123,0.70136,0.70119,0.70143
08/06/2016 21:38:48.000,0.7013,0.70138,0.70121,0.70141,0.7013,0.70142,0.70122,0.70135,0.70117,0.70141
08/06/2016 21:38:49.000,0.7013,0.70138,0.70121,0.70141,0.7013,0.70142,0.70122,0.70135,0.70117,0.70141
08/06/2016 21:38:50.000,0.7013,0.7014,0.70122,0.70142,0.7013,0.70142,0.70125,0.70138,0.70119,0.70143
08/06/2016 21:38:51.000,0.7013,0.7014,0.70122,0.70142,0.7013,0.70142,0.70125,0.70138,0.70119,0.70143
08/06/2016 21:38:52.000,0.7013,0.7014,0.70122,0.70142,0.7013,0.70142,0.70125,0.70138,0.70119,0.70143
08/06/2016 21:38:53.000,0.7013,0.7014,0.70122,0.70142,0.7013,0.70142,0.70125,0.70138,0.70119,0.70143
08/06/2016 21:38:54.000,0.7013,0.7014,0.70122,0.70142,0.7013,0.70142,0.70125,0.70138,0.70119,0.70143
08/06/2016 21:38:55.000,0.7013,0.7014,0.70122,0.70142,0.7013,0.70142,0.70125,0.70138,0.70119,0.70143
08/06/2016 21:38:56.000,0.7013,0.7014,0.70122,0.70142,0.7013,0.70142,0.70125,0.70138,0.70119,0.70143
08/06/2016 21:38:57.000,0.7013,0.7014,0.70122,0.70142,0.7013,0.70142,0.70125,0.70138,0.70119,0.70143
08/06/2016 21:38:58.000,0.7013,0.7014,0.70122,0.70142,0.7013,0.70142,0.70125,0.70138,0.70119,0.70143
08/06/2016 21:38:59.000,0.7013,0.7014,0.70122,0.70142,0.7013,0.70142,0.70125,0.70138,0.70119,0.70143
08/06/2016 21:39:00.000,0.7013,0.7014,0.70122,0.70142,0.7013,0.70142,0.70125,0.70138,0.70119,0.70143
08/06/2016 21:39:01.000,0.7013,0.7014,0.70122,0.70142,0.7013,0.70142,0.70125,0.70138,0.70119,0.70143
08/06/2016 21:39:02.000,0.7013,0.7014,0.70122,0.70142,0.70131,0.70143,0.70125,0.70138,0.70119,0.70143
08/06/2016 21:39:03.000,0.7013,0.7014,0.70122,0.70142,0.70131,0.70143,0.70125,0.70138,0.70119,0.70143
08/06/2016 21:39:04.000,0.7013,0.70139,0.70121,0.70141,0.70131,0.70143,0.70125,0.70138,0.70119,0.70143
08/06/2016 21:39:05.000,0.70124,0.7014,0.70121,0.70141,0.70131,0.70144,0.70125,0.70138,0.70119,0.70143
08/06/2016 21:39:06.000,0.70124,0.7014,0.70121,0.70141,0.70131,0.70144,0.70125,0.70138,0.70119,0.70143
08/06/2016 21:39:07.000,0.70124,0.7014,0.70121,0.70141,0.7013,0.70142,0.70125,0.70138,0.70119,0.70143
08/06/2016 21:39:08.000,0.70124,0.7014,0.70121,0.70141,0.7013,0.70142,0.70125,0.70138,0.70119,0.70143
08/06/2016 21:39:09.000,0.70124,0.7014,0.70121,0.70141,0.7013,0.70142,0.70125,0.70138,0.70119,0.70143
08/06/2016 21:39:10.000,0.70124,0.7014,0.70121,0.70141,0.7013,0.70142,0.70125,0.70138,0.70119,0.70143
08/06/2016 21:39:11.000,0.70124,0.7014,0.70121,0.70141,0.7013,0.70142,0.70125,0.70138,0.70119,0.70143
08/06/2016 21:39:12.000,0.70124,0.7014,0.70121,0.70141,0.7013,0.70142,0.70125,0.70138,0.70119,0.70143
08/06/2016 21:39:13.000,0.70124,0.7014,0.70121,0.70141,0.7013,0.70142,0.70125,0.70138,0.70119,0.70143
08/06/2016 21:39:14.000,0.70124,0.70139,0.7012,0.7014,0.7013,0.70142,0.70125,0.70138,0.70119,0.70143
08/06/2016 21:39:15.000,0.70124,0.70139,0.7012,0.7014,0.7013,0.70142,0.70125,0.70138,0.70119,0.70143
08/06/2016 21:39:16.000,0.70124,0.70139,0.7012,0.7014,0.7013,0.70142,0.70125,0.70138,0.70119,0.70143
08/06/2016 21:39:17.000,0.70124,0.70139,0.7012,0.7014,0.7013,0.70142,0.70125,0.70138,0.70119,0.70143
08/06/2016 21:39:18.000,0.70124,0.70139,0.7012,0.7014,0.7013,0.70142,0.70125,0.70138,0.70119,0.70143
08/06/2016 21:39:19.000,0.70124,0.70138,0.7012,0.7014,0.7013,0.70142,0.70124,0.70137,0.70117,0.70141
08/06/2016 21:39:20.000,0.70124,0.70138,0.7012,0.7014,0.7013,0.70142,0.70124,0.70137,0.70117,0.70141
08/06/2016 21:39:21.000,0.70124,0.70138,0.7012,0.7014,0.7013,0.70142,0.70124,0.70137,0.70117,0.70141
08/06/2016 21:39:22.000,0.70124,0.70138,0.7012,0.7014,0.7013,0.70142,0.70124,0.70137,0.70117,0.70141
08/06/2016 21:39:23.000,0.70124,0.70138,0.7012,0.7014,0.7013,0.70142,0.70124,0.70137,0.70117,0.70141
08/06/2016 21:39:24.000,0.70124,0.70138,0.7012,0.7014,0.7013,0.70142,0.70123,0.70136,0.70117,0.70141
08/06/2016 21:39:25.000,0.70124,0.70138,0.7012,0.7014,0.7013,0.70142,0.70123,0.70136,0.70118,0.70142
08/06/2016 21:39:26.000,0.70124,0.70138,0.7012,0.7014,0.7013,0.70142,0.70123,0.70136,0.70118,0.70142
08/06/2016 21:39:27.000,0.70124,0.70138,0.7012,0.7014,0.7013,0.70142,0.70123,0.70136,0.70118,0.70142
08/06/2016 21:39:28.000,0.70124,0.70138,0.7012,0.7014,0.7013,0.70142,0.70123,0.70136,0.70118,0.70142
08/06/2016 21:39:29.000,0.70124,0.70137,0.7012,0.7014,0.7013,0.70142,0.70123,0.70136,0.70116,0.7014
08/06/2016 21:39:30.000,0.70124,0.70137,0.7012,0.7014,0.7013,0.70142,0.70123,0.70136,0.70116,0.7014
08/06/2016 21:39:31.000,0.70124,0.70137,0.7012,0.7014,0.7013,0.70142,0.70123,0.70136,0.70116,0.7014
08/06/2016 21:39:32.000,0.70124,0.70137,0.7012,0.7014,0.7013,0.70142,0.70123,0.70136,0.70116,0.7014
08/06/2016 21:39:33.000,0.70124,0.70137,0.7012,0.7014,0.7013,0.70142,0.70123,0.70136,0.70116,0.7014
08/06/2016 21:39:34.000,0.70124,0.70137,0.7012,0.7014,0.7013,0.70142,0.70123,0.70136,0.70116,0.7014
08/06/2016 21:39:35.000,0.70124,0.70137,0.7012,0.7014,0.7013,0.70142,0.70123,0.70136,0.70116,0.7014
08/06/2016 21:39:36.000,0.70124,0.70137,0.7012,0.7014,0.7013,0.70142,0.70123,0.70136,0.70116,0.7014
08/06/2016 21:39:37.000,0.70124,0.70137,0.7012,0.7014,0.7013,0.70142,0.70123,0.70136,0.70116,0.7014
08/06/2016 21:39:38.000,0.70124,0.70139,0.7012,0.7014,0.7013,0.70142,0.70123,0.70136,0.70118,0.70142
08/06/2016 21:39:39.000,0.70124,0.70139,0.7012,0.7014,0.7013,0.70142,0.70123,0.70136,0.70118,0.70142
08/06/2016 21:39:40.000,0.70124,0.70139,0.7012,0.7014,0.7013,0.70142,0.70123,0.70136,0.70118,0.70142
08/06/2016 21:39:41.000,0.70124,0.70139,0.7012,0.7014,0.7013,0.70142,0.70123,0.70136,0.70118,0.70142
08/06/2016 21:39:42.000,0.70124,0.70139,0.7012,0.7014,0.7013,0.70142,0.70123,0.70136,0.70118,0.70142
08/06/2016 21:39:43.000,0.70124,0.70136,0.7012,0.7014,0.70124,0.70136,0.70123,0.70136,0.70116,0.7014
08/06/2016 21:39:44.000,0.70124,0.70136,0.7012,0.7014,0.70124,0.70136,0.70123,0.70136,0.70116,0.7014
08/06/2016 21:39:45.000,0.70124,0.70136,0.7012,0.7014,0.70124,0.70136,0.70123,0.70136,0.70117,0.70141
08/06/2016 21:39:46.000,0.70124,0.70136,0.7012,0.7014,0.70124,0.70136,0.70123,0.70136,0.70117,0.70141
08/06/2016 21:39:47.000,0.70124,0.70136,0.7012,0.7014,0.70124,0.70136,0.70123,0.70136,0.70117,0.70141
08/06/2016 21:39:48.000,0.70124,0.70136,0.7012,0.7014,0.70124,0.70136,0.70123,0.70136,0.70117,0.70141
08/06/2016 21:39:49.000,0.70124,0.70136,0.7012,0.7014,0.70124,0.70136,0.70123,0.70136,0.70117,0.70141
08/06/2016 21:39:50.000,0.7012,0.70136,0.70118,0.70138,0.70123,0.70136,0.70123,0.70136,0.70115,0.70139
08/06/2016 21:39:51.000,0.70121,0.70136,0.70119,0.70139,0.70124,0.70136,0.70122,0.70135,0.70115,0.70139
08/06/2016 21:39:52.000,0.70121,0.70136,0.70119,0.70139,0.70124,0.70136,0.70122,0.70135,0.70115,0.70139
08/06/2016 21:39:53.000,0.70121,0.70136,0.70119,0.70139,0.70124,0.70136,0.70122,0.70135,0.70115,0.70139
08/06/2016 21:39:54.000,0.70121,0.70136,0.70119,0.70139,0.70124,0.70136,0.70122,0.70135,0.70115,0.70139
08/06/2016 21:39:55.000,0.70121,0.70136,0.70119,0.70139,0.70124,0.70136,0.70122,0.70135,0.70115,0.70139
08/06/2016 21:39:56.000,0.70121,0.70136,0.70119,0.70139,0.70124,0.70136,0.70122,0.70135,0.70115,0.70139
08/06/2016 21:39:57.000,0.70121,0.70136,0.70119,0.70139,0.70124,0.70136,0.70122,0.70135,0.70115,0.70139
08/06/2016 21:39:58.000,0.70121,0.70136,0.70119,0.70139,0.70124,0.70136,0.70122,0.70135,0.70115,0.70139
08/06/2016 21:39:59.000,0.70121,0.70136,0.70119,0.70139,0.70124,0.70136,0.70122,0.70135,0.70115,0.70139
08/06/2016 21:40:00.000,0.70121,0.70136,0.70119,0.70139,0.70124,0.70136,0.70122,0.70135,0.70115,0.70139
08/06/2016 21:40:01.000,0.70121,0.70136,0.70119,0.70139,0.70124,0.70136,0.70122,0.70135,0.70116,0.7014
08/06/2016 21:40:02.000,0.70121,0.70136,0.7012,0.7014,0.70123,0.70136,0.70122,0.70135,0.70116,0.7014
08/06/2016 21:40:03.000,0.7012,0.70136,0.70118,0.70138,0.70123,0.70135,0.70121,0.70134,0.70116,0.7014
08/06/2016 21:40:04.000,0.7012,0.70136,0.70118,0.70138,0.70123,0.70135,0.70121,0.70134,0.70116,0.7014
08/06/2016 21:40:05.000,0.7012,0.70136,0.70118,0.70138,0.70123,0.70135,0.70121,0.70134,0.70115,0.70139
08/06/2016 21:40:06.000,0.7012,0.70136,0.70118,0.70138,0.70123,0.70135,0.70121,0.70134,0.70115,0.70139
08/06/2016 21:40:07.000,0.7012,0.70136,0.70118,0.70138,0.70123,0.70135,0.70121,0.70134,0.70115,0.70139
08/06/2016 21:40:08.000,0.7012,0.70136,0.70118,0.70138,0.70123,0.70135,0.70121,0.70134,0.70115,0.70139
08/06/2016 21:40:09.000,0.7012,0.70136,0.70118,0.70138,0.70123,0.70135,0.70121,0.70134,0.70115,0.70139
08/06/2016 21:40:10.000,0.7012,0.70136,0.70118,0.70138,0.70123,0.70135,0.70121,0.70134,0.70115,0.70139
08/06/2016 21:40:11.000,0.7012,0.70136,0.70118,0.70138,0.70123,0.70135,0.70121,0.70134,0.70115,0.70139
08/06/2016 21:40:12.000,0.7012,0.70136,0.70118,0.70138,0.70124,0.70136,0.70121,0.70134,0.70115,0.70139
08/06/2016 21:40:13.000,0.70111,0.70125,0.70107,0.70127,0.70111,0.70123,0.70111,0.70124,0.70103,0.70127
08/06/2016 21:40:14.000,0.70107,0.70122,0.70104,0.70124,0.70106,0.70118,0.70108,0.70121,0.70101,0.70125
08/06/2016 21:40:15.000,0.70105,0.70122,0.70104,0.70124,0.70105,0.70117,0.70108,0.70121,0.70099,0.70123
08/06/2016 21:40:16.000,0.70105,0.70122,0.70104,0.70124,0.70105,0.70117,0.70108,0.70121,0.70099,0.70123
08/06/2016 21:40:17.000,0.70105,0.70122,0.70104,0.70124,0.70105,0.70117,0.70106,0.70119,0.70099,0.70123
08/06/2016 21:40:18.000,0.70105,0.70122,0.70104,0.70124,0.70105,0.70117,0.70106,0.70119,0.70099,0.70123
08/06/2016 21:40:19.000,0.70105,0.70122,0.70104,0.70124,0.70105,0.70117,0.70106,0.70119,0.70099,0.70123
08/06/2016 21:40:20.000,0.70105,0.70122,0.70104,0.70124,0.70105,0.70117,0.70106,0.70119,0.70099,0.70123
08/06/2016 21:40:21.000,0.70105,0.70121,0.70104,0.70124,0.70105,0.70117,0.70106,0.70119,0.70101,0.70125
08/06/2016 21:40:22.000,0.70105,0.70121,0.70104,0.70124,0.70105,0.70117,0.70108,0.70121,0.70101,0.70125
08/06/2016 21:40:23.000,0.70105,0.70121,0.70104,0.70124,0.70105,0.70117,0.70108,0.70121,0.70101,0.70125
08/06/2016 21:40:24.000,0.70105,0.70121,0.70104,0.70124,0.70105,0.70117,0.70108,0.70121,0.70101,0.70125
08/06/2016 21:40:25.000,0.70105,0.70121,0.70104,0.70124,0.70105,0.70117,0.70108,0.70121,0.70101,0.70125
08/06/2016 21:40:26.000,0.70105,0.70121,0.70104,0.70124,0.70105,0.70117,0.70108,0.70121,0.70101,0.70125
08/06/2016 21:40:27.000,0.70105,0.7012,0.70104,0.70124,0.70105,0.70117,0.70107,0.7012,0.70101,0.70125
08/06/2016 21:40:28.000,0.70105,0.7012,0.70104,0.70124,0.70105,0.70117,0.70106,0.70119,0.70101,0.70125
08/06/2016 21:40:29.000,0.70105,0.7012,0.70104,0.70124,0.70105,0.70117,0.70106,0.70119,0.70101,0.70125
08/06/2016 21:40:30.000,0.70105,0.7012,0.70104,0.70124,0.70105,0.70117,0.70107,0.7012,0.70101,0.70125
08/06/2016 21:40:31.000,0.70105,0.7012,0.70104,0.70124,0.70105,0.70117,0.70107,0.7012,0.70101,0.70125
08/06/2016 21:40:32.000,0.70105,0.7012,0.70104,0.70124,0.70105,0.70117,0.70107,0.7012,0.70101,0.70125
08/06/2016 21:40:33.000,0.70105,0.7012,0.70104,0.70124,0.70105,0.70117,0.70107,0.7012,0.70101,0.70125
08/06/2016 21:40:34.000,0.70105,0.7012,0.70104,0.70124,0.70105,0.70117,0.70108,0.70121,0.70101,0.70125
08/06/2016 21:40:35.000,0.70105,0.7012,0.70103,0.70123,0.70102,0.70114,0.70108,0.70121,0.70101,0.70125
08/06/2016 21:40:36.000,0.70105,0.7012,0.70103,0.70123,0.70102,0.70113,0.70107,0.7012,0.70101,0.70125
08/06/2016 21:40:37.000,0.70099,0.70106,0.70085,0.70105,0.70092,0.70105,0.70092,0.70105,0.70086,0.7011
08/06/2016 21:40:38.000,0.7009,0.70105,0.7008,0.701,0.70088,0.70101,0.70089,0.70102,0.70084,0.70108
08/06/2016 21:40:39.000,0.7009,0.70105,0.7008,0.701,0.70088,0.70101,0.70089,0.70102,0.70084,0.70108
08/06/2016 21:40:40.000,0.70079,0.70095,0.7007,0.7009,0.70079,0.70092,0.70077,0.7009,0.70071,0.70097
08/06/2016 21:40:41.000,0.70077,0.70096,0.70073,0.70093,0.70082,0.70094,0.70081,0.70094,0.70074,0.701
08/06/2016 21:40:42.000,0.70077,0.70096,0.70073,0.70093,0.70082,0.70094,0.70081,0.70094,0.70074,0.701
08/06/2016 21:40:43.000,0.70077,0.70096,0.70073,0.70093,0.70082,0.70094,0.70081,0.70094,0.70074,0.701
08/06/2016 21:40:44.000,0.70077,0.70098,0.70073,0.70093,0.70082,0.70095,0.70082,0.70095,0.70074,0.701
08/06/2016 21:40:45.000,0.70077,0.70098,0.70073,0.70093,0.70082,0.70095,0.70082,0.70095,0.70074,0.701
08/06/2016 21:40:46.000,0.70077,0.70098,0.70074,0.70094,0.70082,0.70095,0.70082,0.70095,0.70074,0.701
08/06/2016 21:40:47.000,0.70077,0.701,0.70074,0.70094,0.70082,0.70094,0.70083,0.70096,0.70074,0.701
08/06/2016 21:40:48.000,0.70077,0.701,0.70074,0.70094,0.70082,0.70094,0.70083,0.70096,0.70074,0.701
08/06/2016 21:40:49.000,0.70077,0.701,0.70074,0.70094,0.70082,0.70094,0.70083,0.70096,0.70074,0.701
08/06/2016 21:40:50.000,0.70077,0.701,0.70074,0.70094,0.70082,0.70094,0.70083,0.70096,0.70074,0.701
08/06/2016 21:40:51.000,0.70077,0.70098,0.70074,0.70094,0.70082,0.70094,0.70083,0.70096,0.70074,0.701
08/06/2016 21:40:52.000,0.70077,0.70098,0.70074,0.70094,0.70082,0.70094,0.70082,0.70095,0.70074,0.701
08/06/2016 21:40:53.000,0.70085,0.70101,0.70077,0.70097,0.70086,0.70099,0.70085,0.70098,0.70079,0.70105
08/06/2016 21:40:54.000,0.70085,0.70103,0.70078,0.70098,0.70087,0.701,0.70085,0.70098,0.70079,0.70105
08/06/2016 21:40:55.000,0.70085,0.70103,0.70078,0.70098,0.70087,0.701,0.70087,0.701,0.70079,0.70105
08/06/2016 21:40:56.000,0.70085,0.70103,0.70078,0.70098,0.70087,0.701,0.70087,0.701,0.70079,0.70105
08/06/2016 21:40:57.000,0.70085,0.70103,0.70078,0.70098,0.70087,0.701,0.70087,0.701,0.70079,0.70105
08/06/2016 21:40:58.000,0.70085,0.70103,0.70078,0.70098,0.70087,0.701,0.70086,0.70099,0.70079,0.70105
08/06/2016 21:40:59.000,0.70085,0.70103,0.70078,0.70098,0.70087,0.701,0.70087,0.701,0.70079,0.70105
08/06/2016 21:41:00.000,0.70085,0.70103,0.70078,0.70098,0.70087,0.701,0.70087,0.701,0.70079,0.70105
08/06/2016 21:41:01.000,0.70085,0.70103,0.70078,0.70098,0.70087,0.701,0.70087,0.701,0.70079,0.70105
08/06/2016 21:41:02.000,0.70088,0.70106,0.70082,0.70102,0.70091,0.70103,0.70088,0.70101,0.70083,0.70109
08/06/2016 21:41:03.000,0.70088,0.70107,0.70082,0.70102,0.70093,0.70105,0.70088,0.70101,0.70083,0.70109
08/06/2016 21:41:04.000,0.70088,0.70105,0.70083,0.70103,0.70095,0.70108,0.70089,0.70102,0.70083,0.70109
08/06/2016 21:41:05.000,0.70088,0.70105,0.70083,0.70103,0.70094,0.70107,0.70089,0.70102,0.70083,0.70108
08/06/2016 21:41:06.000,0.70102,0.70105,0.70083,0.70103,0.70096,0.70109,0.7009,0.70103,0.70086,0.70111
08/06/2016 21:41:07.000,0.70102,0.70105,0.70083,0.70103,0.70096,0.70109,0.7009,0.70107,0.70086,0.70111
08/06/2016 21:41:08.000,0.70102,0.70104,0.70083,0.70103,0.70096,0.70109,0.7009,0.70107,0.70086,0.70111
08/06/2016 21:41:09.000,0.70102,0.70104,0.70083,0.70103,0.70096,0.70109,0.7009,0.70107,0.70086,0.70111
08/06/2016 21:41:10.000,0.70102,0.70112,0.70091,0.70111,0.70093,0.7011,0.70095,0.70108,0.70092,0.70116
08/06/2016 21:41:11.000,0.70102,0.70112,0.70091,0.70111,0.70093,0.70109,0.70095,0.70108,0.7009,0.70114
08/06/2016 21:41:12.000,0.70094,0.70112,0.70091,0.70111,0.70098,0.70109,0.70095,0.70108,0.7009,0.70114
08/06/2016 21:41:13.000,0.70097,0.70113,0.70092,0.70112,0.701,0.70112,0.70098,0.70111,0.70093,0.70117
08/06/2016 21:41:14.000,0.70097,0.70113,0.70092,0.70112,0.701,0.70112,0.70098,0.70111,0.70093,0.70117
08/06/2016 21:41:15.000,0.70097,0.70113,0.70092,0.70112,0.701,0.70112,0.70098,0.70111,0.70093,0.70117
08/06/2016 21:41:16.000,0.70112,0.70118,0.70098,0.7012,0.70103,0.70119,0.70108,0.70121,0.70103,0.70127
08/06/2016 21:41:17.000,0.70101,0.70118,0.70096,0.70118,0.70097,0.70113,0.70105,0.70118,0.70097,0.70121
08/06/2016 21:41:18.000,0.70099,0.70118,0.70096,0.70118,0.70097,0.70113,0.70102,0.70115,0.70097,0.70121
08/06/2016 21:41:19.000,0.70097,0.70118,0.70095,0.70117,0.70097,0.70113,0.70103,0.70116,0.70097,0.70121
08/06/2016 21:41:20.000,0.70097,0.70118,0.70095,0.70117,0.70097,0.70113,0.70102,0.70116,0.70097,0.70121
08/06/2016 21:41:21.000,0.70097,0.70118,0.70095,0.70117,0.70097,0.70113,0.70102,0.70116,0.70097,0.70121
08/06/2016 21:41:22.000,0.70097,0.70118,0.70095,0.70117,0.70097,0.70113,0.701,0.70114,0.70097,0.70121
08/06/2016 21:41:23.000,0.70097,0.70118,0.70095,0.70117,0.70097,0.70113,0.701,0.70114,0.70097,0.70121
08/06/2016 21:41:24.000,0.70097,0.70118,0.70095,0.70117,0.70097,0.70113,0.70102,0.70116,0.70097,0.70121
08/06/2016 21:41:25.000,0.70097,0.70118,0.70095,0.70117,0.70097,0.70113,0.70102,0.70116,0.70097,0.70121
08/06/2016 21:41:26.000,0.70097,0.70118,0.70097,0.70117,0.701,0.70116,0.70103,0.70117,0.70097,0.70121
08/06/2016 21:41:27.000,0.70097,0.70118,0.70096,0.70116,0.701,0.70116,0.701,0.70114,0.70097,0.70121
08/06/2016 21:41:28.000,0.70097,0.70118,0.70097,0.70117,0.70101,0.70117,0.701,0.70114,0.70097,0.70121
08/06/2016 21:41:29.000,0.70097,0.70118,0.70097,0.70117,0.70101,0.70117,0.70102,0.70116,0.70097,0.70121
08/06/2016 21:41:30.000,0.70097,0.70118,0.70095,0.70115,0.701,0.70112,0.70102,0.70115,0.70097,0.70121
08/06/2016 21:41:31.000,0.70097,0.70118,0.70094,0.70116,0.70096,0.70112,0.70102,0.70115,0.70095,0.70119
08/06/2016 21:41:32.000,0.70097,0.70118,0.70094,0.70116,0.70096,0.70112,0.70102,0.70115,0.70095,0.70119
08/06/2016 21:41:33.000,0.70097,0.70118,0.70094,0.70116,0.70096,0.70112,0.70102,0.70115,0.70095,0.70119
08/06/2016 21:41:34.000,0.70097,0.70118,0.70093,0.70115,0.70096,0.70112,0.70101,0.70114,0.70095,0.70119
08/06/2016 21:41:35.000,0.70097,0.70118,0.70093,0.70115,0.70096,0.70112,0.70101,0.70114,0.70095,0.70119
08/06/2016 21:41:36.000,0.70097,0.70118,0.70093,0.70115,0.70096,0.70112,0.70101,0.70114,0.70095,0.70119
08/06/2016 21:41:37.000,0.70097,0.70118,0.70093,0.70115,0.70096,0.70112,0.70101,0.70114,0.70095,0.70119
08/06/2016 21:41:38.000,0.70097,0.70118,0.70093,0.70115,0.70095,0.70111,0.70101,0.70114,0.70095,0.70119
08/06/2016 21:41:39.000,0.70097,0.70118,0.70093,0.70115,0.70095,0.70111,0.70101,0.70114,0.70095,0.70119
08/06/2016 21:41:40.000,0.70097,0.70118,0.70093,0.70115,0.70095,0.70111,0.70101,0.70114,0.70095,0.70119
08/06/2016 21:41:41.000,0.70097,0.70118,0.70093,0.70115,0.70095,0.70111,0.70101,0.70114,0.70095,0.70119
08/06/2016 21:41:42.000,0.70097,0.70118,0.70093,0.70115,0.70095,0.70111,0.70101,0.70114,0.70095,0.70119
08/06/2016 21:41:43.000,0.70097,0.70118,0.70093,0.70115,0.70095,0.70111,0.70101,0.70114,0.70095,0.70119
08/06/2016 21:41:44.000,0.70097,0.70118,0.70093,0.70115,0.70095,0.70111,0.70101,0.70114,0.70095,0.70119
08/06/2016 21:41:45.000,0.70097,0.70118,0.70093,0.70115,0.70095,0.70111,0.70101,0.70114,0.70095,0.70119
08/06/2016 21:41:46.000,0.70097,0.70118,0.70093,0.70115,0.70095,0.70111,0.70101,0.70114,0.70095,0.70119
08/06/2016 21:41:47.000,0.70098,0.70114,0.70095,0.70115,0.70103,0.70116,0.70101,0.70114,0.70095,0.70119
08/06/2016 21:41:48.000,0.70098,0.70114,0.70095,0.70115,0.70104,0.70116,0.70101,0.70114,0.70095,0.70119
08/06/2016 21:41:49.000,0.70098,0.70114,0.70095,0.70115,0.70104,0.70116,0.70101,0.70114,0.70095,0.70119
08/06/2016 21:41:50.000,0.70098,0.70114,0.70095,0.70115,0.70104,0.70116,0.70101,0.70114,0.70095,0.70119
08/06/2016 21:41:51.000,0.70098,0.70114,0.70095,0.70115,0.70103,0.70116,0.70101,0.70114,0.70095,0.70119
08/06/2016 21:41:52.000,0.70098,0.70114,0.70095,0.70115,0.70103,0.70116,0.70099,0.70112,0.70095,0.70119
08/06/2016 21:41:53.000,0.70098,0.70114,0.70095,0.70115,0.70104,0.70116,0.70102,0.70115,0.70095,0.70119
08/06/2016 21:41:54.000,0.70095,0.70117,0.70094,0.70114,0.70095,0.70111,0.70099,0.70112,0.70093,0.70117
08/06/2016 21:41:55.000,0.70095,0.70118,0.70094,0.70114,0.70095,0.70111,0.701,0.70113,0.70093,0.70117
08/06/2016 21:41:56.000,0.70093,0.70113,0.7009,0.7011,0.70094,0.70111,0.70097,0.7011,0.70091,0.70115
08/06/2016 21:41:57.000,0.70093,0.70113,0.7009,0.7011,0.70095,0.70106,0.70097,0.7011,0.70091,0.70115
08/06/2016 21:41:58.000,0.70093,0.70113,0.7009,0.7011,0.70095,0.70106,0.70097,0.7011,0.70091,0.70115
08/06/2016 21:41:59.000,0.70093,0.70113,0.7009,0.7011,0.70095,0.70106,0.70097,0.7011,0.70091,0.70115
08/06/2016 21:42:00.000,0.70093,0.70113,0.7009,0.7011,0.70095,0.70106,0.70095,0.70108,0.70091,0.70115
08/06/2016 21:42:01.000,0.7012,0.70131,0.7011,0.70132,0.70115,0.70126,0.70117,0.7013,0.70111,0.70135
08/06/2016 21:42:02.000,0.7012,0.7013,0.70112,0.70134,0.70115,0.70126,0.70117,0.7013,0.70111,0.70135
08/06/2016 21:42:03.000,0.7012,0.70132,0.70112,0.70134,0.70118,0.70131,0.70119,0.70132,0.70113,0.70137
08/06/2016 21:42:04.000,0.7011,0.70129,0.70105,0.70127,0.70106,0.70122,0.70113,0.70126,0.70105,0.70129
08/06/2016 21:42:05.000,0.7011,0.70129,0.70105,0.70127,0.70106,0.70122,0.70113,0.70126,0.70106,0.7013
08/06/2016 21:42:06.000,0.70125,0.7013,0.70116,0.70138,0.7012,0.70131,0.70122,0.70135,0.70118,0.70142
08/06/2016 21:42:07.000,0.7013,0.70139,0.7012,0.70142,0.70128,0.7014,0.70125,0.70138,0.70121,0.70145
08/06/2016 21:42:08.000,0.70126,0.7014,0.70119,0.70141,0.70128,0.7014,0.70126,0.70139,0.7012,0.70144
08/06/2016 21:42:09.000,0.70126,0.70141,0.7012,0.70142,0.70128,0.7014,0.70126,0.70139,0.7012,0.70144
08/06/2016 21:42:10.000,0.70126,0.70141,0.7012,0.70142,0.70128,0.7014,0.70125,0.70143,0.7012,0.70144
08/06/2016 21:42:11.000,0.70133,0.70145,0.70124,0.70146,0.7013,0.70143,0.70128,0.70146,0.70127,0.70151
08/06/2016 21:42:12.000,0.70142,0.70147,0.70131,0.70153,0.70134,0.70147,0.7013,0.70148,0.70132,0.70156
08/06/2016 21:42:13.000,0.70134,0.70144,0.70125,0.70147,0.7013,0.70143,0.70131,0.70148,0.70127,0.70151
08/06/2016 21:42:14.000,0.70134,0.70144,0.70125,0.70147,0.7013,0.70143,0.7013,0.70148,0.70127,0.70151
08/06/2016 21:42:15.000,0.70134,0.70145,0.70124,0.70146,0.70131,0.70144,0.7013,0.70148,0.70127,0.70151
08/06/2016 21:42:16.000,0.70142,0.70152,0.70132,0.70154,0.70135,0.70148,0.70137,0.70155,0.70133,0.70158
08/06/2016 21:42:17.000,0.70142,0.70153,0.70133,0.70155,0.70138,0.7015,0.70137,0.70155,0.70134,0.7016
08/06/2016 21:42:18.000,0.70134,0.70151,0.70128,0.7015,0.70136,0.70148,0.70135,0.70152,0.70128,0.70154
08/06/2016 21:42:19.000,0.70134,0.70151,0.70128,0.7015,0.70136,0.70148,0.70135,0.70152,0.70128,0.70154
08/06/2016 21:42:20.000,0.70134,0.70151,0.70128,0.7015,0.70136,0.70148,0.70135,0.70152,0.70128,0.70154
08/06/2016 21:42:21.000,0.70134,0.70151,0.70129,0.70151,0.70136,0.70148,0.70133,0.70151,0.70128,0.70154
08/06/2016 21:42:22.000,0.70132,0.70148,0.70127,0.70149,0.70133,0.70145,0.70129,0.70147,0.70127,0.70153
08/06/2016 21:42:23.000,0.70132,0.70149,0.70127,0.70149,0.70133,0.70145,0.70131,0.70148,0.70127,0.70153
08/06/2016 21:42:24.000,0.70132,0.70149,0.70127,0.70149,0.70132,0.70144,0.70131,0.70148,0.70127,0.70153
08/06/2016 21:42:25.000,0.70132,0.70149,0.70127,0.70149,0.70132,0.70144,0.70132,0.70149,0.70126,0.70152
08/06/2016 21:42:26.000,0.70133,0.70148,0.70128,0.7015,0.70133,0.70146,0.70132,0.70149,0.70128,0.70154
08/06/2016 21:42:27.000,0.70133,0.70148,0.70128,0.7015,0.70133,0.70145,0.70132,0.70149,0.70128,0.70154
08/06/2016 21:42:28.000,0.70126,0.70139,0.70119,0.70141,0.70127,0.7014,0.70124,0.70142,0.70121,0.70145
08/06/2016 21:42:29.000,0.70124,0.7014,0.70119,0.70141,0.70126,0.70138,0.70124,0.70142,0.70119,0.70143
08/06/2016 21:42:30.000,0.70124,0.7014,0.70119,0.70141,0.70126,0.70138,0.70124,0.70142,0.70119,0.70143
08/06/2016 21:42:31.000,0.70124,0.7014,0.70119,0.70141,0.70126,0.70138,0.70124,0.70142,0.70119,0.70143
08/06/2016 21:42:32.000,0.70124,0.7014,0.70119,0.70141,0.70126,0.70138,0.70124,0.70142,0.70119,0.70143
08/06/2016 21:42:33.000,0.70124,0.7014,0.70119,0.70141,0.70126,0.70138,0.70121,0.70139,0.70119,0.70143
08/06/2016 21:42:34.000,0.70124,0.70141,0.70119,0.70141,0.70125,0.70137,0.70121,0.70139,0.70119,0.70143
08/06/2016 21:42:35.000,0.70124,0.70141,0.70119,0.70141,0.70125,0.70137,0.70121,0.70139,0.70119,0.70143
08/06/2016 21:42:36.000,0.70124,0.70141,0.70119,0.70141,0.70125,0.70137,0.70121,0.70139,0.70119,0.70143
08/06/2016 21:42:37.000,0.70124,0.70141,0.70119,0.70141,0.70126,0.70138,0.70123,0.7014,0.70119,0.70143
08/06/2016 21:42:38.000,0.70124,0.70141,0.70119,0.70141,0.70126,0.70138,0.70123,0.7014,0.70119,0.70143
08/06/2016 21:42:39.000,0.70124,0.70141,0.70119,0.70141,0.70126,0.70138,0.70123,0.7014,0.70119,0.70143
08/06/2016 21:42:40.000,0.70124,0.70141,0.7012,0.70142,0.70126,0.70138,0.70123,0.7014,0.70119,0.70143
08/06/2016 21:42:41.000,0.70124,0.70141,0.7012,0.70142,0.70126,0.70138,0.70123,0.7014,0.70119,0.70143
08/06/2016 21:42:42.000,0.70124,0.70141,0.7012,0.70142,0.70126,0.70138,0.70123,0.7014,0.70119,0.70143
08/06/2016 21:42:43.000,0.70124,0.70141,0.7012,0.70142,0.70126,0.70137,0.70123,0.7014,0.70119,0.70143
08/06/2016 21:42:44.000,0.70124,0.7014,0.70119,0.70141,0.70127,0.70138,0.70123,0.7014,0.70119,0.70143
08/06/2016 21:42:45.000,0.70124,0.7014,0.70119,0.70141,0.70127,0.70138,0.70122,0.7014,0.70119,0.70143
08/06/2016 21:42:46.000,0.70124,0.7014,0.70119,0.70141,0.70127,0.70138,0.70122,0.7014,0.70119,0.70143
08/06/2016 21:42:47.000,0.70124,0.7014,0.70119,0.70141,0.70127,0.70138,0.70122,0.7014,0.70119,0.70143
08/06/2016 21:42:48.000,0.70124,0.7014,0.70119,0.70141,0.70127,0.70138,0.70122,0.7014,0.70119,0.70143
08/06/2016 21:42:49.000,0.70124,0.7014,0.70119,0.70141,0.70127,0.70138,0.70122,0.7014,0.70119,0.70143
08/06/2016 21:42:50.000,0.70124,0.7014,0.70119,0.70141,0.70127,0.70138,0.70124,0.70137,0.70119,0.70143
08/06/2016 21:42:51.000,0.70124,0.7014,0.70119,0.70141,0.70127,0.70138,0.70124,0.70137,0.70119,0.70143
08/06/2016 21:42:52.000,0.70124,0.7014,0.70119,0.70141,0.70127,0.70138,0.70124,0.70137,0.70119,0.70143
08/06/2016 21:42:53.000,0.70124,0.7014,0.70119,0.70141,0.70127,0.70138,0.70124,0.70137,0.70119,0.70143
08/06/2016 21:42:54.000,0.70124,0.7014,0.70119,0.70141,0.70127,0.70138,0.70124,0.70137,0.70119,0.70143
08/06/2016 21:42:55.000,0.70124,0.7014,0.70119,0.70141,0.70127,0.70138,0.70124,0.70137,0.70119,0.70143
08/06/2016 21:42:56.000,0.70124,0.70141,0.70118,0.7014,0.70127,0.70138,0.70124,0.70137,0.70119,0.70143
08/06/2016 21:42:57.000,0.70124,0.70141,0.70118,0.7014,0.70127,0.70138,0.70124,0.70137,0.70119,0.70143
08/06/2016 21:42:58.000,0.70124,0.70141,0.70118,0.7014,0.70127,0.70138,0.70125,0.70138,0.70119,0.70143
08/06/2016 21:42:59.000,0.70124,0.70141,0.70118,0.7014,0.70127,0.70138,0.70125,0.70138,0.70119,0.70143
08/06/2016 21:43:00.000,0.70124,0.70141,0.70119,0.70141,0.70128,0.70139,0.70125,0.70138,0.70119,0.70143
08/06/2016 21:43:01.000,0.70136,0.70151,0.70132,0.70154,0.70137,0.70148,0.70137,0.7015,0.70132,0.70156
08/06/2016 21:43:02.000,0.70136,0.70152,0.70132,0.70154,0.70137,0.70148,0.70137,0.7015,0.70132,0.70156
08/06/2016 21:43:03.000,0.70136,0.70152,0.70132,0.70154,0.70137,0.70148,0.70137,0.7015,0.70132,0.70156
08/06/2016 21:43:04.000,0.70136,0.70152,0.70132,0.70154,0.70137,0.70148,0.70137,0.7015,0.70132,0.70156
08/06/2016 21:43:05.000,0.70136,0.70154,0.70133,0.70155,0.70138,0.70149,0.70138,0.70151,0.70133,0.70157
08/06/2016 21:43:06.000,0.70142,0.70156,0.70138,0.7016,0.70142,0.70153,0.70143,0.70156,0.70138,0.70162
08/06/2016 21:43:07.000,0.70142,0.70157,0.70138,0.7016,0.70142,0.70153,0.70143,0.70156,0.70138,0.70162
08/06/2016 21:43:08.000,0.70142,0.70158,0.70139,0.70161,0.70143,0.70154,0.70143,0.70156,0.70138,0.70162
08/06/2016 21:43:09.000,0.70142,0.70159,0.70139,0.70164,0.70142,0.70157,0.70144,0.70157,0.7014,0.70164
08/06/2016 21:43:10.000,0.70142,0.70159,0.70139,0.70164,0.70141,0.70157,0.70143,0.7016,0.7014,0.70164
08/06/2016 21:43:11.000,0.70142,0.70159,0.70139,0.70164,0.70141,0.70157,0.70143,0.7016,0.7014,0.70164
08/06/2016 21:43:12.000,0.70142,0.70159,0.70139,0.70164,0.70141,0.70157,0.70141,0.70159,0.7014,0.70164
08/06/2016 21:43:13.000,0.70142,0.70157,0.70136,0.70161,0.70139,0.70154,0.70141,0.70159,0.70136,0.7016
08/06/2016 21:43:14.000,0.70142,0.7016,0.70137,0.70162,0.70138,0.70154,0.70141,0.70159,0.70138,0.70162
08/06/2016 21:43:15.000,0.70142,0.7016,0.70139,0.70164,0.70141,0.70156,0.70141,0.70159,0.7014,0.70164
08/06/2016 21:43:16.000,0.70142,0.70161,0.70139,0.70164,0.70142,0.70157,0.70144,0.70161,0.7014,0.70164
08/06/2016 21:43:17.000,0.70142,0.70161,0.70139,0.70164,0.70141,0.70157,0.70144,0.70161,0.7014,0.70164
08/06/2016 21:43:18.000,0.70142,0.70159,0.70137,0.70162,0.70141,0.70155,0.70144,0.70161,0.70137,0.70161
08/06/2016 21:43:19.000,0.70142,0.70162,0.70139,0.70164,0.70141,0.70156,0.70143,0.7016,0.70139,0.70163
08/06/2016 21:43:20.000,0.70143,0.70163,0.70139,0.70164,0.70142,0.70158,0.70144,0.70162,0.70141,0.70165
08/06/2016 21:43:21.000,0.70142,0.70157,0.70136,0.70161,0.70141,0.70156,0.70144,0.70162,0.70139,0.70163
08/06/2016 21:43:22.000,0.70142,0.70157,0.70136,0.70161,0.70141,0.70156,0.70144,0.70162,0.70139,0.70163
08/06/2016 21:43:23.000,0.70142,0.70157,0.70136,0.70161,0.7014,0.70156,0.70141,0.70159,0.70137,0.70161
08/06/2016 21:43:24.000,0.70142,0.70157,0.70136,0.70161,0.7014,0.70156,0.70141,0.70159,0.70137,0.70161
08/06/2016 21:43:25.000,0.70142,0.70157,0.70136,0.70161,0.7014,0.70156,0.70141,0.70159,0.70137,0.70161
08/06/2016 21:43:26.000,0.70142,0.70157,0.70136,0.70161,0.7014,0.70156,0.70141,0.70159,0.70137,0.70161
08/06/2016 21:43:27.000,0.70142,0.70157,0.70136,0.70161,0.7014,0.70156,0.70141,0.70159,0.70137,0.70161
08/06/2016 21:43:28.000,0.70142,0.70157,0.70136,0.70161,0.70141,0.70157,0.70141,0.70159,0.70137,0.70161
08/06/2016 21:43:29.000,0.70142,0.70157,0.70136,0.70161,0.70141,0.70156,0.70141,0.70159,0.70137,0.70161
08/06/2016 21:43:30.000,0.70139,0.70152,0.70134,0.70159,0.7014,0.70151,0.70139,0.70153,0.70133,0.70157
08/06/2016 21:43:31.000,0.70133,0.70149,0.70127,0.70152,0.70134,0.70145,0.70136,0.7015,0.70129,0.70153
08/06/2016 21:43:32.000,0.70133,0.70149,0.70127,0.70152,0.70134,0.70145,0.70135,0.70149,0.70129,0.70153
08/06/2016 21:43:33.000,0.70133,0.70149,0.70127,0.70152,0.70133,0.70144,0.70135,0.70149,0.70129,0.70153
08/06/2016 21:43:34.000,0.70133,0.70149,0.70127,0.70152,0.70133,0.70144,0.70135,0.70149,0.70129,0.70153
08/06/2016 21:43:35.000,0.70134,0.70149,0.70127,0.70152,0.70133,0.70144,0.70134,0.70148,0.70129,0.70153
08/06/2016 21:43:36.000,0.70134,0.70149,0.70127,0.70152,0.70133,0.70144,0.70134,0.70148,0.70129,0.70153
08/06/2016 21:43:37.000,0.70134,0.70149,0.70127,0.70152,0.70133,0.70144,0.70134,0.70148,0.70129,0.70153
08/06/2016 21:43:38.000,0.70134,0.70149,0.70127,0.70152,0.70133,0.70144,0.70134,0.70148,0.70129,0.70153
08/06/2016 21:43:39.000,0.70134,0.70149,0.70127,0.70152,0.70133,0.70144,0.70134,0.70148,0.70129,0.70153
08/06/2016 21:43:40.000,0.70134,0.70149,0.70127,0.70152,0.70133,0.70144,0.70132,0.7015,0.70129,0.70153
08/06/2016 21:43:41.000,0.70134,0.70149,0.70127,0.70152,0.70133,0.70144,0.70132,0.7015,0.70129,0.70153
08/06/2016 21:43:42.000,0.70134,0.70149,0.70127,0.70152,0.70133,0.70144,0.70132,0.7015,0.70129,0.70153
08/06/2016 21:43:43.000,0.70134,0.70147,0.70127,0.70152,0.70133,0.70144,0.70132,0.7015,0.70127,0.70151
08/06/2016 21:43:44.000,0.70133,0.70147,0.70126,0.70151,0.70133,0.70144,0.70132,0.7015,0.70129,0.70153
08/06/2016 21:43:45.000,0.70133,0.70147,0.70126,0.70151,0.70133,0.70144,0.70132,0.7015,0.70129,0.70153
08/06/2016 21:43:46.000,0.70133,0.70147,0.70126,0.70151,0.70133,0.70144,0.70132,0.7015,0.70129,0.70153
08/06/2016 21:43:47.000,0.70133,0.70147,0.70126,0.70151,0.70133,0.70144,0.70132,0.70149,0.70129,0.70153
08/06/2016 21:43:48.000,0.70133,0.70147,0.70126,0.70151,0.70133,0.70144,0.70132,0.70149,0.70129,0.70153
08/06/2016 21:43:49.000,0.70133,0.70147,0.70126,0.70151,0.70133,0.70144,0.70132,0.70149,0.70129,0.70153
08/06/2016 21:43:50.000,0.70133,0.70147,0.70126,0.70151,0.70133,0.70144,0.70133,0.70149,0.70129,0.70153
08/06/2016 21:43:51.000,0.70131,0.70147,0.70125,0.7015,0.70132,0.70143,0.70133,0.70149,0.70126,0.7015
08/06/2016 21:43:52.000,0.70131,0.70147,0.70125,0.7015,0.70132,0.70143,0.70133,0.70149,0.70126,0.7015
08/06/2016 21:43:53.000,0.70131,0.70148,0.70126,0.70151,0.70132,0.70143,0.70132,0.70148,0.70126,0.7015
08/06/2016 21:43:54.000,0.70131,0.70148,0.70126,0.70151,0.70132,0.70143,0.70132,0.70148,0.70126,0.7015
08/06/2016 21:43:55.000,0.70131,0.70148,0.70126,0.70151,0.70132,0.70143,0.70132,0.70148,0.70126,0.7015
08/06/2016 21:43:56.000,0.70131,0.70148,0.70126,0.70151,0.70132,0.70143,0.70132,0.70148,0.70126,0.7015
08/06/2016 21:43:57.000,0.70131,0.70148,0.70126,0.70151,0.70132,0.70143,0.70132,0.70148,0.70126,0.7015
08/06/2016 21:43:58.000,0.70131,0.70148,0.70126,0.70151,0.70132,0.70143,0.70132,0.70148,0.70126,0.7015
08/06/2016 21:43:59.000,0.70131,0.70148,0.70126,0.70151,0.70132,0.70143,0.70132,0.70148,0.70126,0.7015
08/06/2016 21:44:00.000,0.70131,0.70148,0.70126,0.70151,0.70132,0.70143,0.70133,0.70146,0.70126,0.7015
08/06/2016 21:44:01.000,0.70134,0.7015,0.70124,0.70158,0.70132,0.70143,0.70135,0.70148,0.70128,0.70152
08/06/2016 21:44:02.000,0.70132,0.7015,0.70122,0.70156,0.7013,0.70141,0.70135,0.70148,0.70126,0.7015
08/06/2016 21:44:03.000,0.70132,0.7015,0.70122,0.70156,0.7013,0.70141,0.70133,0.70146,0.70126,0.7015
08/06/2016 21:44:04.000,0.70132,0.7015,0.70122,0.70156,0.7013,0.70141,0.70133,0.70146,0.70126,0.7015
08/06/2016 21:44:05.000,0.70132,0.7015,0.70122,0.70156,0.7013,0.70141,0.70133,0.70146,0.70126,0.7015
08/06/2016 21:44:06.000,0.70132,0.7015,0.70122,0.70156,0.7013,0.70141,0.70133,0.70146,0.70126,0.7015
08/06/2016 21:44:07.000,0.70132,0.7015,0.70122,0.70156,0.7013,0.70141,0.70133,0.70146,0.70126,0.7015
08/06/2016 21:44:08.000,0.70131,0.7015,0.70122,0.70156,0.7013,0.70141,0.70134,0.70147,0.70126,0.7015
08/06/2016 21:44:09.000,0.70131,0.70151,0.70122,0.70156,0.70132,0.70143,0.70133,0.70146,0.70126,0.7015
08/06/2016 21:44:10.000,0.70129,0.70143,0.7012,0.70153,0.70129,0.7014,0.7013,0.70143,0.70124,0.70148
08/06/2016 21:44:11.000,0.70122,0.70143,0.70115,0.70149,0.70125,0.70136,0.70127,0.7014,0.70121,0.70145
08/06/2016 21:44:12.000,0.70122,0.70143,0.70114,0.70148,0.70124,0.70135,0.70126,0.70139,0.70121,0.70145
08/06/2016 21:44:13.000,0.70122,0.70143,0.70114,0.70148,0.70124,0.70135,0.70126,0.70139,0.70121,0.70145
08/06/2016 21:44:14.000,0.70125,0.70145,0.70117,0.70151,0.70129,0.70142,0.70129,0.70142,0.70123,0.70147
08/06/2016 21:44:15.000,0.70125,0.70146,0.70117,0.7015,0.70129,0.70142,0.70127,0.7014,0.70123,0.70147
08/06/2016 21:44:16.000,0.70125,0.70146,0.70117,0.7015,0.70129,0.70142,0.70127,0.7014,0.70123,0.70147
08/06/2016 21:44:17.000,0.70124,0.70145,0.70117,0.7015,0.70129,0.70143,0.70127,0.7014,0.70121,0.70145
08/06/2016 21:44:18.000,0.70124,0.70145,0.70117,0.70151,0.70129,0.70143,0.70127,0.7014,0.70121,0.70145
08/06/2016 21:44:19.000,0.70125,0.70145,0.70123,0.70145,0.70129,0.70142,0.7013,0.70143,0.70124,0.70148
08/06/2016 21:44:20.000,0.70125,0.70145,0.70122,0.70144,0.70129,0.70142,0.70127,0.7014,0.70122,0.70146
08/06/2016 21:44:21.000,0.70125,0.70144,0.70122,0.70144,0.70129,0.70142,0.70128,0.70141,0.70122,0.70146
08/06/2016 21:44:22.000,0.70125,0.70144,0.70122,0.70144,0.70129,0.70142,0.70128,0.70141,0.70122,0.70146
08/06/2016 21:44:23.000,0.70126,0.70144,0.70123,0.70145,0.70129,0.70142,0.70127,0.7014,0.70121,0.70145
08/06/2016 21:44:24.000,0.70126,0.70144,0.70123,0.70145,0.70129,0.70142,0.70127,0.7014,0.70121,0.70145
08/06/2016 21:44:25.000,0.70126,0.70144,0.70123,0.70145,0.70129,0.70142,0.70127,0.7014,0.70121,0.70145
08/06/2016 21:44:26.000,0.70133,0.70145,0.70126,0.70148,0.70129,0.70144,0.7013,0.70143,0.70124,0.70148
08/06/2016 21:44:27.000,0.70127,0.70145,0.70123,0.70145,0.70129,0.70143,0.7013,0.70143,0.70121,0.70145
08/06/2016 21:44:28.000,0.70127,0.70145,0.70123,0.70145,0.70129,0.70143,0.70128,0.70141,0.70121,0.70145
08/06/2016 21:44:29.000,0.70127,0.70145,0.70123,0.70145,0.70129,0.70143,0.70128,0.70141,0.70121,0.70145
08/06/2016 21:44:30.000,0.70127,0.70145,0.70123,0.70145,0.70129,0.70143,0.70128,0.70141,0.70121,0.70145
08/06/2016 21:44:31.000,0.70126,0.70146,0.70123,0.70145,0.70129,0.70143,0.70128,0.70141,0.70123,0.70147
08/06/2016 21:44:32.000,0.70126,0.70146,0.70123,0.70145,0.70129,0.70142,0.70128,0.70141,0.70123,0.70147
08/06/2016 21:44:33.000,0.70126,0.70146,0.70123,0.70145,0.70129,0.70142,0.70128,0.70141,0.70123,0.70147
08/06/2016 21:44:34.000,0.70126,0.70146,0.70123,0.70145,0.70129,0.70142,0.70128,0.70141,0.70123,0.70147
08/06/2016 21:44:35.000,0.70126,0.70146,0.70123,0.70145,0.70129,0.70142,0.70128,0.70141,0.70123,0.70147
08/06/2016 21:44:36.000,0.70126,0.70146,0.70123,0.70145,0.70129,0.70142,0.70128,0.70141,0.70123,0.70147
08/06/2016 21:44:37.000,0.70126,0.70146,0.70123,0.70145,0.70129,0.70142,0.70128,0.70141,0.70123,0.70147
08/06/2016 21:44:38.000,0.70126,0.70146,0.70123,0.70145,0.70129,0.70142,0.70128,0.70141,0.70123,0.70147
08/06/2016 21:44:39.000,0.70126,0.70146,0.70123,0.70145,0.70129,0.70142,0.70128,0.70141,0.70123,0.70147
08/06/2016 21:44:40.000,0.70126,0.70146,0.70123,0.70145,0.70129,0.70141,0.70128,0.70141,0.70123,0.70147
08/06/2016 21:44:41.000,0.70126,0.70146,0.70123,0.70145,0.70129,0.70141,0.70128,0.70141,0.70123,0.70147
08/06/2016 21:44:42.000,0.70126,0.70146,0.70123,0.70145,0.70129,0.70141,0.70128,0.70141,0.70123,0.70147
08/06/2016 21:44:43.000,0.70126,0.70146,0.70123,0.70145,0.70129,0.70141,0.70128,0.70141,0.70123,0.70147
08/06/2016 21:44:44.000,0.70126,0.70146,0.70123,0.70145,0.70129,0.70141,0.70128,0.70141,0.70123,0.70147
08/06/2016 21:44:45.000,0.70126,0.70146,0.70123,0.70145,0.70129,0.70141,0.70128,0.70141,0.70123,0.70147
08/06/2016 21:44:46.000,0.70126,0.70146,0.70123,0.70145,0.70129,0.70141,0.70128,0.70141,0.70123,0.70147
08/06/2016 21:44:47.000,0.70126,0.70146,0.70123,0.70145,0.70129,0.70141,0.70128,0.70141,0.70123,0.70147
08/06/2016 21:44:48.000,0.70126,0.70146,0.70123,0.70145,0.70129,0.70142,0.70128,0.70141,0.70123,0.70147
08/06/2016 21:44:49.000,0.70126,0.70146,0.70123,0.70145,0.70129,0.70142,0.70128,0.70141,0.70123,0.70147
08/06/2016 21:44:50.000,0.70126,0.70146,0.70123,0.70145,0.70129,0.70142,0.70128,0.70141,0.70123,0.70147
08/06/2016 21:44:51.000,0.70126,0.70146,0.70123,0.70145,0.70129,0.70142,0.70128,0.70141,0.70123,0.70147
08/06/2016 21:44:52.000,0.70126,0.70146,0.70123,0.70145,0.70129,0.70141,0.70128,0.70141,0.70121,0.70145
08/06/2016 21:44:53.000,0.70126,0.70146,0.70123,0.70145,0.70129,0.70141,0.70128,0.70141,0.70123,0.70147
08/06/2016 21:44:54.000,0.70126,0.70146,0.70123,0.70145,0.70129,0.70141,0.70128,0.70141,0.70123,0.70147
08/06/2016 21:44:55.000,0.70126,0.70144,0.70123,0.70145,0.70129,0.70142,0.70128,0.70141,0.70121,0.70145
08/06/2016 21:44:56.000,0.70126,0.70144,0.70123,0.70145,0.70129,0.70142,0.70128,0.70141,0.70121,0.70145
08/06/2016 21:44:57.000,0.70126,0.70144,0.70123,0.70145,0.70129,0.70142,0.70128,0.70141,0.70121,0.70145
08/06/2016 21:44:58.000,0.70126,0.70144,0.70123,0.70145,0.70129,0.70142,0.70128,0.70141,0.70121,0.70145
08/06/2016 21:44:59.000,0.70126,0.70144,0.70123,0.70145,0.70129,0.70142,0.70127,0.7014,0.70121,0.70145
08/06/2016 21:45:00.000,0.70126,0.70144,0.70123,0.70145,0.70129,0.70142,0.70127,0.7014,0.70121,0.70145
08/06/2016 21:45:01.000,0.7014,0.70144,0.70132,0.70157,0.70134,0.70145,0.70132,0.70145,0.70131,0.70155
08/06/2016 21:45:02.000,0.70125,0.70144,0.70121,0.70146,0.70129,0.70142,0.70129,0.70142,0.70122,0.70146
08/06/2016 21:45:03.000,0.70125,0.70142,0.70121,0.70146,0.70129,0.70142,0.70127,0.7014,0.7012,0.70144
08/06/2016 21:45:04.000,0.70125,0.70142,0.70121,0.70146,0.70129,0.70142,0.70127,0.7014,0.7012,0.70144
08/06/2016 21:45:05.000,0.70126,0.70144,0.70121,0.70146,0.70129,0.70143,0.70127,0.7014,0.70121,0.70145
08/06/2016 21:45:06.000,0.70126,0.70144,0.70121,0.70146,0.70129,0.70143,0.70127,0.7014,0.70121,0.70145
08/06/2016 21:45:07.000,0.70126,0.70144,0.70121,0.70146,0.70129,0.70143,0.70127,0.7014,0.70121,0.70145
08/06/2016 21:45:08.000,0.70126,0.70144,0.70121,0.70146,0.70129,0.70143,0.70127,0.7014,0.70121,0.70145
08/06/2016 21:45:09.000,0.70125,0.70145,0.70123,0.70145,0.70129,0.70144,0.70127,0.7014,0.70121,0.70145
08/06/2016 21:45:10.000,0.70125,0.70144,0.70123,0.70145,0.70129,0.70143,0.70127,0.7014,0.70121,0.70145
08/06/2016 21:45:11.000,0.70125,0.70144,0.70122,0.70144,0.70129,0.70142,0.70127,0.7014,0.70121,0.70145
08/06/2016 21:45:12.000,0.70125,0.70144,0.70122,0.70144,0.70129,0.70142,0.70127,0.7014,0.70121,0.70145
08/06/2016 21:45:13.000,0.70125,0.70144,0.70122,0.70144,0.70129,0.70142,0.70127,0.7014,0.70121,0.70145
08/06/2016 21:45:14.000,0.70125,0.70144,0.70122,0.70144,0.70129,0.70142,0.70127,0.7014,0.70121,0.70145
08/06/2016 21:45:15.000,0.70125,0.70144,0.70123,0.70145,0.70129,0.70142,0.70127,0.7014,0.70121,0.70145
08/06/2016 21:45:16.000,0.70125,0.70144,0.70123,0.70145,0.70129,0.70142,0.70127,0.7014,0.70121,0.70145
08/06/2016 21:45:17.000,0.70125,0.70144,0.70123,0.70145,0.70129,0.70142,0.70127,0.7014,0.70121,0.70145
08/06/2016 21:45:18.000,0.70125,0.70144,0.70123,0.70145,0.70129,0.70142,0.70127,0.7014,0.70121,0.70145
08/06/2016 21:45:19.000,0.70125,0.70144,0.70123,0.70145,0.70129,0.70142,0.70127,0.7014,0.70121,0.70145
08/06/2016 21:45:20.000,0.70125,0.70144,0.70123,0.70145,0.70129,0.70142,0.70127,0.7014,0.70121,0.70145
08/06/2016 21:45:21.000,0.70125,0.70144,0.70123,0.70145,0.70129,0.70142,0.70127,0.7014,0.70121,0.70145
08/06/2016 21:45:22.000,0.70125,0.70144,0.70123,0.70145,0.70129,0.70142,0.70126,0.70139,0.70121,0.70145
08/06/2016 21:45:23.000,0.70131,0.70144,0.70124,0.70146,0.70129,0.70144,0.70129,0.70142,0.70124,0.70148
08/06/2016 21:45:24.000,0.70126,0.70145,0.70123,0.70145,0.70129,0.70143,0.70129,0.70142,0.70124,0.70148
08/06/2016 21:45:25.000,0.70125,0.70144,0.70123,0.70145,0.70129,0.70143,0.70128,0.70141,0.70123,0.70147
08/06/2016 21:45:26.000,0.70125,0.70144,0.70123,0.70145,0.70129,0.70142,0.70128,0.70141,0.70123,0.70147
08/06/2016 21:45:27.000,0.70124,0.70144,0.70122,0.70144,0.70129,0.70142,0.70127,0.7014,0.70121,0.70145
08/06/2016 21:45:28.000,0.70124,0.70144,0.70122,0.70144,0.70129,0.70142,0.70127,0.7014,0.70121,0.70145
08/06/2016 21:45:29.000,0.70124,0.70144,0.70122,0.70144,0.70129,0.70142,0.70127,0.7014,0.70121,0.70145
08/06/2016 21:45:30.000,0.70124,0.70144,0.70122,0.70144,0.70129,0.70142,0.70127,0.7014,0.70121,0.70145
08/06/2016 21:45:31.000,0.70124,0.70144,0.70122,0.70144,0.70129,0.70142,0.70126,0.70139,0.70121,0.70145
08/06/2016 21:45:32.000,0.70124,0.70144,0.70122,0.70144,0.70129,0.70142,0.70126,0.70139,0.70121,0.70145
08/06/2016 21:45:33.000,0.70124,0.70144,0.70122,0.70144,0.70129,0.70142,0.70126,0.70139,0.70121,0.70145
08/06/2016 21:45:34.000,0.70124,0.70144,0.70122,0.70144,0.70129,0.70142,0.70126,0.70139,0.70121,0.70145
08/06/2016 21:45:35.000,0.70124,0.70142,0.70122,0.70144,0.70129,0.70142,0.70119,0.70138,0.70121,0.70145
08/06/2016 21:45:36.000,0.70124,0.70142,0.70122,0.70144,0.70129,0.70141,0.70119,0.70138,0.70121,0.70145
08/06/2016 21:45:37.000,0.70124,0.70142,0.70122,0.70144,0.70129,0.70141,0.70119,0.70138,0.70121,0.70145
08/06/2016 21:45:38.000,0.70124,0.70141,0.70122,0.70144,0.70129,0.70141,0.70118,0.70138,0.70121,0.70145
08/06/2016 21:45:39.000,0.70124,0.70141,0.70122,0.70144,0.70129,0.7014,0.70118,0.70138,0.70121,0.70145
08/06/2016 21:45:40.000,0.70124,0.70141,0.70122,0.70144,0.70129,0.7014,0.70118,0.70138,0.70119,0.70143
08/06/2016 21:45:41.000,0.70123,0.7014,0.70122,0.70144,0.70129,0.70142,0.70117,0.70137,0.70121,0.70145
08/06/2016 21:45:42.000,0.70123,0.70141,0.70121,0.70143,0.70129,0.70142,0.70118,0.70137,0.70121,0.70145
08/06/2016 21:45:43.000,0.70123,0.70141,0.70121,0.70143,0.70129,0.70142,0.70118,0.70137,0.70121,0.70145
08/06/2016 21:45:44.000,0.70123,0.70141,0.70121,0.70143,0.70129,0.7014,0.70118,0.70137,0.70121,0.70145
08/06/2016 21:45:45.000,0.70125,0.70144,0.70123,0.70145,0.70129,0.70141,0.70121,0.70141,0.70122,0.70146
08/06/2016 21:45:46.000,0.70125,0.70143,0.70123,0.70145,0.70129,0.70141,0.7012,0.70139,0.70122,0.70146
08/06/2016 21:45:47.000,0.70124,0.70142,0.70122,0.70144,0.70129,0.7014,0.70119,0.70139,0.70122,0.70146
08/06/2016 21:45:48.000,0.70124,0.70142,0.70122,0.70144,0.70129,0.7014,0.70118,0.70138,0.70122,0.70146
08/06/2016 21:45:49.000,0.70124,0.70141,0.70122,0.70144,0.70129,0.70139,0.70118,0.70138,0.70122,0.70146
08/06/2016 21:45:50.000,0.70124,0.70141,0.70122,0.70144,0.70129,0.70139,0.70118,0.70138,0.70122,0.70146
08/06/2016 21:45:51.000,0.70124,0.70141,0.70121,0.70143,0.70129,0.7014,0.70118,0.70138,0.70119,0.70143
08/06/2016 21:45:52.000,0.70124,0.70141,0.70121,0.70143,0.70129,0.7014,0.70118,0.70138,0.70119,0.70143
08/06/2016 21:45:53.000,0.70124,0.70141,0.70121,0.70143,0.70129,0.7014,0.70118,0.70138,0.70119,0.70143
08/06/2016 21:45:54.000,0.70124,0.70141,0.70121,0.70143,0.70129,0.7014,0.70118,0.70138,0.70119,0.70143
08/06/2016 21:45:55.000,0.70124,0.70141,0.70121,0.70143,0.70129,0.7014,0.70118,0.70138,0.70119,0.70143
08/06/2016 21:45:56.000,0.70124,0.70141,0.70122,0.70144,0.70129,0.7014,0.70118,0.70138,0.70121,0.70145
08/06/2016 21:45:57.000,0.70124,0.70142,0.70122,0.70144,0.70129,0.7014,0.70119,0.70138,0.70121,0.70145
08/06/2016 21:45:58.000,0.70124,0.70142,0.70122,0.70144,0.70129,0.7014,0.70119,0.70138,0.70121,0.70145
08/06/2016 21:45:59.000,0.70124,0.70142,0.70122,0.70144,0.70129,0.7014,0.70119,0.70138,0.70121,0.70145
08/06/2016 21:46:00.000,0.70124,0.70142,0.70122,0.70144,0.70129,0.7014,0.70119,0.70138,0.70121,0.70145
08/06/2016 21:46:01.000,0.70128,0.70147,0.70125,0.70147,0.70129,0.70143,0.70123,0.70149,0.70123,0.70147
08/06/2016 21:46:02.000,0.70126,0.70146,0.70124,0.70146,0.70129,0.70142,0.70121,0.70147,0.70121,0.70145
08/06/2016 21:46:03.000,0.70126,0.70145,0.70124,0.70146,0.70129,0.70142,0.70121,0.70147,0.70121,0.70145
08/06/2016 21:46:04.000,0.70126,0.70145,0.70124,0.70146,0.70129,0.70142,0.70121,0.70147,0.70121,0.70145
08/06/2016 21:46:05.000,0.70126,0.70147,0.70123,0.70145,0.70129,0.70142,0.70121,0.70147,0.70121,0.70145
08/06/2016 21:46:06.000,0.70126,0.70147,0.70124,0.70144,0.70129,0.70142,0.70121,0.70147,0.70121,0.70145
08/06/2016 21:46:07.000,0.70126,0.70147,0.70124,0.70144,0.70129,0.70142,0.70121,0.70147,0.70121,0.70145
08/06/2016 21:46:08.000,0.70125,0.70144,0.70124,0.70144,0.70129,0.70143,0.70121,0.70147,0.70121,0.70145
08/06/2016 21:46:09.000,0.70125,0.70144,0.70124,0.70144,0.70129,0.70142,0.70121,0.70147,0.70121,0.70145
08/06/2016 21:46:10.000,0.70125,0.70144,0.70124,0.70144,0.70129,0.70142,0.70121,0.70147,0.70121,0.70145
